1914 3095
719 211 1013 251 -47-

91 343 255 382 quoque
289 343 311 372 e
344 331 456 371 Paus
488 330 509 371 Ι
541 329 636 381 44,8
662 329 752 371 veri
786 328 984 369 similiter
1015 329 1171 370 hausta
1210 334 1336 370 esset.
1407 330 1508 370 Cum
1544 341 1645 370 vero

89 402 196 443 haec
229 402 378 442 scholii
412 401 555 441 fabula
591 413 614 441 a
649 399 884 440 Pausaniae
917 399 1043 450 longe
1077 399 1221 451 distet,
1260 399 1501 440 Wellmann
1536 411 1560 450 p
1588 398 1642 438 79

89 473 200 513 iusto
246 473 336 514 iure
379 471 597 513 contendit
641 470 791 511 scholii
841 475 1038 511 auctores
1087 470 1259 511 eosdem
1305 470 1446 511 tontes
1486 470 1640 522 adisse,

89 555 193 594 quos
226 543 463 584 Pausanias
496 541 700 583 adhibuit.
752 540 872 581 Idem
897 553 1072 593 quoque,
1107 541 1143 581 si
1166 553 1258 582 eum
1284 545 1399 581 recte
1422 541 1643 593 intellegO,

88 614 271 665 sumpsit
311 613 488 655 Luciani
526 613 786 664 interpretes
826 611 1040 653 meliorem
1083 612 1329 652 memoriam
1364 611 1482 662 sequi
1517 623 1640 662 quam

88 684 355 726 Pausaniam.
420 683 530 725 Saue
568 684 753 724 locorum
795 682 1126 732 discrepantiam
1166 694 1246 722 non
1288 682 1419 722 errori
1453 682 1641 723 tribuen-

88 754 183 796 dam
217 767 313 796 esse
346 767 499 796 censeo
532 754 793 807 (Wellmann
827 765 854 804 p
890 752 970 801 79).
1034 752 1140 793 Nam
1174 765 1268 794 cum
1300 753 1382 793 iam
1416 764 1546 804 saepe
1580 764 1641 793 os-

86 825 310 876 tenderim,
346 838 470 877 quam
502 825 678 866 remotis
711 837 734 866 e
766 824 956 865 fontibus
989 824 1116 864 rivuli
1148 824 1188 864 in
1225 823 1551 864 commentarios
1580 822 1641 863 VI

85 895 177 937 fere
215 896 385 937 saeculo
425 897 465 936 in
500 896 733 936 Lucianum
768 895 950 946 scriptos
983 893 1278 942 confluxerint,
1321 893 1482 935 conicio
1522 894 1641 935 seno»

84 967 233 1008 liastas
267 966 437 1007 fabulae
470 966 647 1007 formam
682 965 732 1006 ad
771 965 1025 1007 Eleutheras
1058 965 1203 1005 tritam
1236 972 1464 1017 notamque
1498 964 1639 1005 Atthi—

85 1037 302 1088 dographo
336 1037 516 1088 quodam
549 1036 843 1077 intercedente
882 1036 1110 1077 memoriae
1143 1035 1384 1077 tradidisse.
1458 1034 1515 1076 Et
1547 1047 1639 1086 pro-

83 1107 196 1149 fecto
220 1106 394 1159 Gruppe
426 1121 452 1160 p
481 1106 603 1159 595‚1
632 1108 813 1151 sumpsit
837 1106 1110 1159 Cercyonem,
1145 1118 1398 1157 quamquam
1435 1105 1639 1147 Eleusine

83 1178 227 1220 sedem
271 1191 321 1220 ac
362 1179 619 1220 domicilium
663 1178 867 1219 hahuisse
899 1177 1132 1228 videretur,
1177 1190 1201 1218 a
1240 1182 1364 1228 poeta
1398 1177 1459 1218 VI
1498 1190 1522 1217 a
1555 1176 1640 1218 Chr

81 1263 107 1290 n
142 1250 301 1291 saeculi
336 1249 387 1290 ad
422 1249 679 1290 Eleutheras
714 1249 961 1289 collocatum
998 1260 1106 1289 esse.

201 1319 397 1361 Scholion
445 1321 600 1372 C'VgoU
637 1320 750 1360 Deor
793 1332 895 1361 conc
930 1319 982 1359 12
1022 1323 1064 1371 (p
1098 1318 1261 1371 2122&
1305 1328 1347 1361 et
1385 1318 1637 1359 Pausaniam

84 1391 186 1433 VIII
220 1390 314 1442 :24ss
354 1404 406 1432 ex
450 1391 597 1432 eodem
636 1390 755 1432 fonte
794 1391 1005 1441 hausisse,
1059 1390 1224 1432 scilicet
1263 1402 1285 1431 e
1323 1389 1638 1441 mythographo

79 1462 337 1514 Apollodoro
355 1462 496 1513 simili,
517 1462 587 1513 qui
605 1461 855 1514 Thucydide
875 1473 974 1502 usus
993 1467 1099 1512 erat,
1125 1461 1417 1502 demonstrare
1443 1460 1636 1501 conabor.

198 1534 389 1575 Alteram
410 1533 581 1574 fabulae
603 1533 864 1583 memoriam,
900 1544 1007 1583 quae
1031 1539 1171 1573 exstat
1200 1531 1308 1583 apud
1333 1530 1637 1582 Apollodorum

78 1604 145 1644 III
178 1603 231 1644 87
267 1617 355 1655 eqs,
390 1616 413 1644 a
437 1603 597 1645 scholio
631 1604 814 1644 alienam
843 1603 1033 1645 breviter
1066 1603 1325 1643 aduuihrem.
1389 1602 1634 1651 Alcmaeon,

79 1687 203 1726 quem
239 1682 375 1716 matre
408 1675 547 1716 occisa
579 1675 749 1716 insania
782 1673 983 1716 affectum
1018 1673 1172 1715 Furiae
1204 1677 1532 1725 persequuntur,
1567 1684 1637 1713 au-

78 1746 250 1798 fugiens
283 1758 305 1787 e
338 1746 479 1797 patria
510 1745 683 1786 tandem
718 1745 837 1787 venit
869 1745 923 1785 ad
954 1745 1172 1796 Phegeum
1212 1744 1558 1794 Psophidensem.
1598 1745 1635 1784 A

80 1829 159 1868 q‘io
203 1818 399 1868 expiatus
440 1829 613 1857 uxorem
657 1816 774 1857 ducit
816 1816 1044 1868 Arsinoen,
1088 1816 1179 1856 eius
1213 1815 1352 1856 filiam.
1417 1814 1491 1854 Cui
1527 1813 1635 1855 dono

78 1888 151 1929 dat
184 1889 487 1929 vestimentum
533 1893 575 1929 et
616 1887 772 1929 monile
817 1887 1086 1928 Harmoniae.
1164 1886 1243 1927 His
1282 1886 1437 1927 finibus
1470 1884 1635 1926 relictis

78 1959 129 2000 ad
166 1959 341 2000 Acheloi
375 1959 516 2000 fontes
550 1958 759 2010 pervenit.
803 1959 944 2009 Atque
963 1962 1187 2009 postquam
1206 1956 1484 2007 Callirrhoen,
1506 1955 1634 1996 huius

76 2030 220 2082 filiam,
264 2031 306 2070 in
345 2030 658 2071 matrimonium
700 2029 833 2081 duxit,
879 2029 921 2069 in
962 2040 1010 2070 ea
1045 2035 1172 2080 terra,
1215 2040 1321 2078 quae
1355 2027 1528 2067 invectu
1560 2025 1634 2066 flu-

77 2102 201 2142 minis
240 2106 334 2142 orta
373 2106 478 2151 erat,
522 2100 718 2142 considit.
781 2101 922 2151 Atque
962 2111 1055 2140 cnm
1089 2099 1326 2140 Callirrhoe
1365 2097 1470 2138 illud
1504 2097 1634 2138 vesti-

76 2177 264 2214 mentum
298 2176 341 2213 et
373 2171 530 2212 monile
564 2171 784 2223 possidere
818 2170 1042 2222 cupiverit,
1077 2171 1308 2211 Alcmaeon
1337 2166 1631 2219 proficiscitur,

76 2247 122 2284 ut
161 2255 212 2285 ea
252 2255 276 2284 a
314 2243 489 2295 Phegeo
528 2242 694 2283 domum
735 2241 900 2283 afferat.
971 2242 1135 2294 Quibus
1174 2239 1325 2281 fraude
1368 2238 1632 2289 recuperatis

74 2314 308 2356 Alcmaeon
341 2326 365 2355 a
398 2313 561 2365 Phegei
595 2312 694 2353 filiis
728 2312 946 2362 occiditur,
981 2312 1163 2353 Arsinoe
1190 2311 1240 2351 ad
1267 2313 1566 2361 Agapenorem
1588 2308 1631 2349 in

74 2386 327 2427 servitutem
361 2383 596 2426 abducitur.
660 2382 895 2423 Callirrhoe
928 2387 1069 2423 autem
1102 2394 1127 2422 a-
1158 2381 1269 2422 Jove
1302 2380 1422 2431 petit,
1458 2383 1503 2419 ut
1532 2379 1631 2420 Am-

75 2456 298 2507 photerum
332 2460 374 2497 et
406 2455 689 2505 Acarnanem,
723 2454 832 2495 filios
864 2453 1058 2504 tenellos,
1094 2464 1218 2503 quam
1252 2451 1433 2502 primum
1467 2450 1630 2491 Viribus

73 2526 269 2568 virilibus
312 2530 445 2567 ornet.
518 2524 633 2577 Quas
683 2524 830 2576 adepti
878 2524 1012 2575 patris
1061 2521 1296 2563 ulciscendi
1338 2533 1466 2563 causa
1509 2520 1630 2561 domo

74 2597 256 2649 profecti
309 2596 456 2638 eodem
505 2600 698 2647 tempore
741 2594 793 2636 ad
836 2596 1138 2646 Agapenorem
1185 2591 1354 2634 deversi
1397 2594 1508 2642 sunt,
1549 2603 1629 2642 quo

72 2668 237 2720 Phegei
276 2667 352 2708 filii
391 2667 581 2723 Delphos
620 2667 703 2707 iter
740 2665 908 2706 facturi.
972 2664 1135 2717 Quibus
1169 2663 1331 2705 necatis
1365 2662 1628 2703 Callirrhoae

72 2737 149 2779 filii
201 2738 357 2779 monile
410 2742 454 2779 et
500 2737 805 2778 vestimentum
859 2735 1045 2787 Apollini
1096 2734 1304 2787 Delphico
1352 2732 1539 2775 offerunt
1585 2737 1629 2773 et

71 2809 357 2849 Acarnaniam
389 2807 590 2849 condunt.
