2054 3152
971 255 1261 294 -32—

340 378 419 418 atln
457 376 505 417 ml
544 376 580 417 fr
619 374 716 427 105)
749 375 944 416 concedo.
1000 374 1105 415 Nam
1136 386 1228 415 cum
1255 373 1534 425 Harpocratio
1557 385 1577 414 s
1599 375 1724 427 γέρρα
1747 372 1897 416 eodem

344 447 643 488 Demosthenis
677 446 766 487 loco
800 458 822 486 e
857 445 1165 496 Ctesiphontea
1190 444 1272 485 169
1296 448 1464 495 sumpto
1487 444 1731 486 testimonio
1753 447 1898 486 utatur

340 531 388 559 ac
436 517 764 567 scholiographi,
814 516 1003 557 scholion
1049 527 1130 556 non
1177 514 1289 555 redit
1339 514 1391 555 ad
1435 514 1604 556 Aelium
1645 515 1898 567 Dionysium

345 588 694 638 Pausaniamque,
736 586 810 627 sed
851 586 902 627 ad
943 586 1268 637 grammaticum
1311 585 1382 636 qui
1415 590 1515 626 ante.
1549 585 1627 627 hos
1659 591 1703 627 et
1735 585 1899 638 Harpo-

341 660 570 700 crationem
611 657 763 699 floruit.
838 656 938 697 Cum
979 657 1166 698 scholion
1218 656 1351 707 primo
1401 656 1492 698 loco
1543 657 1803 708 exscriptum
1846 656 1899 698 ad

343 731 515 771 verbum
551 728 641 769 fere
675 741 766 769 cum
800 728 945 779 glossa
977 728 1047 768 lex
1082 728 1168 779 Seg
1202 726 1262 767 VI
1301 727 1412 779 apud
1447 727 1607 769 Bachm
1640 727 1661 769 I
1695 740 1719 779 p
1752 726 1901 779 315,ae

343 801 549 847 concinat,
595 799 732 840 iudico
775 811 825 839 ea
870 799 1031 840 scholia
1075 798 1227 850 onmia,
1273 799 1427 849 quibus
1466 800 1615 851 γέρρον
1647 799 1901 851 explicatur,

344 886 365 912 e
399 871 535 912 lexico
570 870 836 922 profluxisse,
872 869 992 910 cuius
1026 869 1221 910 nunciam
1251 873 1395 910 exstat
1418 869 1604 920 epitome
1625 869 1696 912 lex
1718 869 1805 923 Seg
1826 867 1901 910 VI.

461 941 723 993 Appendicis
770 941 860 982 loco
908 941 1100 981 breviter
1147 952 1271 992 agam
1320 940 1372 982 de
1421 940 1582 982 scholio
1624 943 1662 981 A
1700 940 1840 982 Abdic
1876 938 1902 980 6

345 1013 526 1065 (214‚s).
591 1012 769 1053 Glossas
806 1011 945 1052 Photii
980 1009 1230 1064 παράλογον
1262 1015 1307 1053 et
1343 1035 1391 1039 —
1428 1025 1484 1063 ος,
1520 1023 1627 1062 quae
1650 1011 1702 1052 ad
1727 1011 1902 1053 verbum

344 1084 434 1125 fere
468 1083 727 1125 conveniunt
760 1095 850 1123 cum
888 1082 1045 1123 Suitlae
1077 1082 1235 1134 glossis
1269 1086 1313 1124 et
1344 1095 1438 1123 cum
1467 1083 1547 1124 hoc
1569 1082 1730 1124 scholio
1753 1081 1905 1124 Lucia-

345 1167 437 1207 nco,
454 1154 652 1195 Wentzel
685 1154 726 1193 in
748 1152 878 1194 Herm
894 1152 1023 1193 XXX
1036 1151 1185 1206 (1895)
1200 1165 1225 1204 p
1241 1152 1328 1194 380
1346 1165 1398 1195 ex
1408 1153 1530 1195 Aelio
1542 1154 1750 1206 Dionysio
1765 1165 1905 1205 sump-

346 1232 413 1267 tas
447 1238 542 1267 esse
575 1231 814 1266 censuerat.
880 1223 963 1266 Sed
996 1236 1091 1265 cum
1123 1224 1246 1266 initio
1279 1224 1405 1266 lexici
1435 1224 1575 1266 Photii
1609 1229 1781 1276 reperto
1814 1224 1906 1266 eius

347 1296 742 1348 argumentationes
786 1295 1123 1337 Reitzensteinio
1166 1295 1305 1337 iudice
1343 1300 1460 1337 totae
1499 1296 1737 1338 corruerint
1769 1293 1908 1347 (praef

349 1381 373 1419 p
409 1366 494 1420 39),
541 1366 728 1408 scholion
765 1378 816 1406 ex
850 1366 1047 1418 Dionysii
1080 1366 1337 1417 fragmentis
1378 1366 1650 1408 eximendum
1689 1373 1757 1408 est
1789 1365 1906 1419 (vide

349 1451 475 1490 supra
512 1451 535 1489 p
570 1437 652 1489 21).

455 1603 493 1647 d.
557 1601 623 1646 De
659 1600 911 1647 enchiridio
946 1601 1243 1658 grammatico
1277 1601 1631 1647 scholiastarum
1665 1600 1804 1646 fonte.

470 1699 548 1739 His
588 1699 904 1739 demonstrasse
938 1698 1085 1739 videor
1134 1710 1157 1739 e
1197 1698 1371 1739 scholiis
1415 1697 1644 1740 Luci-aneis
1690 1697 1770 1738 duo
1819 1702 1910 1738 tan-

352 1775 437 1811 tum
485 1769 535 1810 ad
582 1769 746 1810 Aelium
795 1769 1045 1821 Dionysium
1090 1769 1433 1820 Pausaniamque
1476 1768 1621 1810 reduci
1664 1780 1801 1819 posse,
1846 1780 1910 1820 ea,

354 1854 460 1892 quae
504 1841 664 1892 Freyer
706 1840 767 1881 eis
807 1840 970 1891 tribuit,
1011 1845 1085 1881 aut
1123 1852 1145 1881 e
1184 1840 1321 1881 lexico
1361 1840 1575 1881 rhetorico
1613 1843 1687 1880 aut
1718 1851 1742 1881 e
1774 1839 1911 1881 lexico

353 1911 439 1961 Seg·
471 1911 529 1951 VJ
575 1911 781 1961 quondam
828 1911 1033 1962 ampliore
1076 1916 1148 1952 aut
1192 1911 1376 1953 fortasse
1423 1923 1446 1952 e
1487 1909 1688 1952 Suetonio
1720 1909 1915 1962 profecta

353 1994 447 2023 esse
482 1988 553 2023 aut
586 1982 843 2022 incertorum
879 1988 1098 2022 auctorum
1132 1994 1239 2022 esse.
1314 1980 1379 2022 Ex
1414 1981 1665 2022 enchiritliis
1697 1981 1741 2022 in
1774 1993 1914 2033 gram-

354 2054 600 2094 maticorum
636 2065 756 2094 usum
791 2053 1043 2104 perscriptis
1078 2064 1129 2093 ea
1162 2053 1323 2093 scholia
1357 2052 1553 2093 derivata
1588 2064 1684 2093 esse
1718 2052 1819 2092 mihi
1854 2052 1915 2094 vi-

355 2125 522 2176 dentur,
544 2136 650 2175 quae
676 2124 787 2175 apud
812 2124 1114 2176 grammaticos
1138 2123 1402 2174 antiquiores
1416 2123 1721 2175 Phrynichum,
1745 2122 1916 2164 Aelium

355 2196 621 2247 Dionysium.
658 2195 927 2243 Pausaniam,
963 2195 1192 2245 Pollucem,
1229 2194 1333 2235 alios
1367 2194 1432 2235 sui
1466 2194 1622 2235 similia
1653 2194 1826 2235 habent.

417 2316 440 2353 μ
477 2303 592 2351 2li,2‹>·
626 2304 663 2341 A
697 2302 737 2341 ef
769 2301 860 2341 Poll
896 2300 954 2340 iv
987 2312 1063 2350 104,
1103 2300 1185 2340 VII
1220 2312 1262 2342 76
1297 2301 1386 2341 Hes
1434 2301 1541 2342 Phot
1575 2313 1595 2341 s
1636 2302 1914 2352 Ταραντῖνον,

671 2372 743 2411 Sui
780 2384 798 2411 s
837 2371 1158 2423 [αραντινίδιον.

418 2440 444 2493 p
480 2442 597 2493 28,ii
638 2443 670 2478 Γ
698 2442 739 2482 Cf
763 2442 852 2482 Tim
889 2443 993 2493 soph
1030 2455 1049 2483 S
1082 2445 1265 2497 >cumps-1*
1283 2442 1370 2483 Hes
1389 2441 1917 2492 [)hotSuisxava6901·re;.

423 2526 444 2563 p
482 2514 596 2563 25⁵‚23
635 2510 928 2553 FVMOILQA
963 2513 1003 2553 cf
1016 2513 1136 2564 Harp
1161 2526 1180 2553 s
1205 2510 1464 2564 ἑωλοκρασία
1498 2513 1697 2554 LBachm
1722 2512 1743 2553 I
1773 2511 1906 2565 246,·2

674 2584 797 2624 ssAV
833 2582 979 2631 258,12
1019 2584 1108 2625 Hes
1148 2584 1257 2624 Phot
1298 2583 1370 2624 Sui
1410 2596 1429 2624 s
1469 2580 1726 2634 ἑωλοκρασία
1760 2582 1920 2625 Sueten

675 2667 699 2704 μ
735 2654 819 2694 328
852 2654 966 2695 Reil't'
990 2654 1097 2695 Eust
1131 2668 1156 2705 p
1187 2653 1376 2705 1451,55‚
1412 2666 1546 2695 comm
1581 2654 1624 2694 in
1648 2654 1839 2704 Hermog
1867 2653 1919 2694 ed

675 2724 793 2765 Ii’ailss
828 2726 867 2764 in
905 2725 996 2765 Mus
1030 2724 1150 2765 Rhen
1187 2722 1334 2777 (1908)
1370 2724 1519 2765 LXIII
1552 2737 1577 2775 p
1613 2722 1708 2763 138.

426 2807 448 2844 p
483 2793 577 2845 442
607 2794 916 2846 ΓΟΓᾳΟῑῼΔ
950 2795 991 2834 ef
1024 2796 1115 2836 Poll
1149 2796 1164 2835 Ι
1201 2806 1245 2837 93
1278 2795 1426 2847 Phryn
1460 2795 1500 2835 in
1530 2794 1647 2836 BAI
1682 2795 1798 2847 12,31
1832 2794 1922 2836 Hes

677 2878 695 2903 S
730 2863 976 2914 d,³!(›;)'t2·¹7ytl.
