2054 3152
980 792 1157 843 Caput
1188 792 1220 833 Ι.

474 899 694 951 Scholia
733 898 1024 954 Lucianea,
1066 910 1175 962 qua
1213 902 1405 950 aetate
1444 903 1573 951 orta
1610 899 1738 952 sint.
1805 873 1810 879 ⁴

440 1004 687 1069 Maassiunl,
731 1016 801 1067 qui
843 1017 886 1057 in
932 1016 1015 1057 Mel
1056 1014 1201 1058 Graux
1235 1029 1260 1068 p
1294 1016 1427 1071 763,5
1470 1021 1708 1070 negaverat
1745 1017 1882 1060 fuisse

322 1101 530 1140 umquam,
554 1088 623 1139 qui
648 1092 820 1139 praeter
833 1087 1042 1129 Aretham
1066 1087 1213 1129 dedita
1234 1100 1364 1140 opera
1387 1088 1621 1130 Lucianum
1644 1092 1881 1140 enarraret,

320 1160 439 1201 Rabe
472 1172 498 1211 p
534 1158 616 1198 718
651 1171 725 1210 eqs
758 1158 980 1211 redarguit
998 1156 1038 1211 ¹).
1102 1158 1274 1201 Invenit
1312 1159 1423 1200 enim
1465 1160 1627 1201 scholia
1665 1159 1883 1202 Lucianea

321 1242 404 1272 non
438 1231 491 1271 ab
524 1242 606 1271 uno
640 1229 874 1281 composita
907 1241 1014 1271 esse.
1059 1229 1165 1271 Nam
1188 1234 1234 1271 ut
1260 1232 1404 1271 textus
1438 1230 1594 1272 codicis
1617 1230 1655 1269 Γ
1682 1242 1705 1272 e
1737 1229 1906 1272 codice-

320 1304 362 1353 E,
402 1301 520 1343 cuius
560 1305 723 1342 textum
763 1300 954 1353 Baanes,
999 1300 1161 1342 scholia
1195 1301 1382 1343 Arethas
1417 1301 1587 1353 propria
1624 1313 1753 1342 manu
1785 1312 1882 1342 exa-

323 1372 448 1424 ravit,
492 1384 573 1413 non
617 1372 860 1423 exscriptus
894 1375 1024 1424 esset,
1064 1371 1126 1414 ita
1159 1372 1321 1414 scholia
1353 1373 1392 1411 Γ
1423 1385 1475 1414 ex
1507 1373 1700 1414 Arethae
1732 1371 1881 1414 scholi-

322 1456 440 1485 orum
485 1440 685 1495 congerie
731 1455 813 1484 non
857 1442 1112 1494 profiuxisse
1156 1442 1198 1496 (p
1234 1441 1348 1496 733).
1422 1443 1528 1484 Tum
1572 1443 1881 1496 Alexandrum,

322 1514 566 1565 episcopum
613 1513 858 1566 Nicaenum,
911 1513 1045 1555 codici
1094 1514 1132 1552 Γ
1178 1518 1278 1555 ante
1328 1526 1484 1554 annum
1529 1512 1613 1554 945
1662 1514 1882 1567 recognito

322 1585 485 1626 scholia
526 1596 637 1626 nova
677 1584 909 1637 addidisse,
953 1584 1027 1626 sed
1073 1585 1142 1636 qui
1186 1586 1293 1626 haec
1336 1584 1527 1637 adderet,
1573 1597 1656 1626 uon
1690 1585 1881 1628 Arethae

323 1655 585 1708 libros,-sed
630 1668 738 1707 eum,
793 1668 917 1706 quem
962 1656 1000 1694 Γ
1040 1657 1351 1708 transscripsit,
1392 1656 1578 1698 codicem
1619 1657 1884 1708 appetivisse

323 1727 503 1778 amplius
536 1726 607 1767 illo
641 1727 814 1768 scholiis
847 1730 1041 1768 ornatum
1075 1730 1119 1779 (p
1155 1725 1266 1778 734).
1318 1728 1486 1769 Deinde
1509 1728 1715 1769 Aretham
1741 1728 1884 1770 enchi-

322 1798 443 1838 ridiis
477 1802 519 1839 et
552 1797 869 1849 commentariis
903 1798 995 1840 sive
1028 1799 1268 1850 aequalium
1309 1799 1400 1840 sive
1442 1799 1727 1849 antiquiorum
1760 1810 1881 1840 usum

323 1882 396 1910 suo
442 1868 675 1918 exemplari
720 1868 881 1909 scholia
924 1869 1219 1921 adscripsisse.
1296 1869 1359 1910 Ac
1404 1883 1429 1920 p
1465 1869 1548 1909 735
1588 1869 1791 1911 iudicium
1823 1870 1885 1911 ita

323 1940 632 1991 complectitur,
675 1944 722 1979 ut
756 1940 935 1981 Luciani
976 1940 1137 1981 scholia
1170 1941 1467 1982 vetustissima
1500 1941 1685 1982 saeculis
1718 1940 1783 1981 IX
1815 1940 1885 1982 vel

324 2010 365 2051 X
397 2015 493 2051 orta
527 2011 625 2051 sint.

442 2081 536 2122 Hac
575 2085 717 2122 autem
758 2082 956 2132 opinione
995 2082 1115 2124 Habe
1154 2083 1247 2133 ipse
1289 2082 1467 2123 destitit.
1548 2082 1662 2123 Dicit
1697 2083 1807 2123 enim
1842 2083 1882 2123 in

324 2153 521 2194 editionis
561 2152 815 2193 scholiorum
851 2153 1030 2194 Luciani
1072 2153 1193 2203 praef
1227 2166 1250 2204 p
1286 2153 1364 2193 VI:
1405 2153 1487 2194 iam
1523 2158 1623 2194 ante
1657 2153 1809 2194 Basilii
1843 2157 1885 2195 et

324 2224 512 2265 Arethae
552 2226 736 2264 aetatem
778 2223 940 2264 scholia
983 2225 1169 2275 ascripta
1208 2224 1343 2266 fuisse
1379 2224 1653 2265 manifestum
1687 2230 1764 2266 est.
1828 2225 1885 2266 Et

325 2296 512 2345 profecto
546 2294 580 2334 si
615 2293 776 2334 scholia
812 2294 969 2335 codicis
1003 2295 1041 2333 Γ
1072 2300 1169 2346 post
1193 2295 1336 2336 Photii
1371 2295 1536 2336 lexicon
1572 2296 1884 2348 promulgatum

324 2366 496 2416 scripta,
545 2364 702 2405 codicis
743 2367 781 2403 E
820 2366 981 2406 scholia
1014 2365 1065 2406 ad
1100 2379 1227 2406 unum
1262 2366 1403 2407 omnia
1437 2367 1489 2406 ab
1519 2367 1685 2407 Aretha
1719 2367 1886 2420 excogi-

324 2440 413 2476 tata
438 2438 594 2486 essent,
630 2440 808 2485 uterque
832 2437 1198 2488 scholiographus,
1224 2438 1294 2487 qui
1319 2437 1461 2478 Photii
1486 2438 1677 2479 asseclae
1699 2437 1885 2485 fuerunt,

324 2507 377 2547 ad
420 2506 799 2557 interpretationes
845 2509 1071 2549 verborum
1117 2508 1256 2549 Photii
1306 2509 1471 2549 lexicon
1518 2509 1800 2560 probabiliter
1845 2509 1886 2550 in

325 2590 446 2619 usum
465 2581 702 2617 vocassent.
752 2577 834 2620 Sed
870 2591 963 2619 cum
987 2580 1112 2619 huius
1137 2580 1368 2631 vestigium
1392 2580 1435 2620 in
1460 2579 1633 2621 scholiis
1660 2580 1888 2622 Lucianeis

446 2717 469 2747 ¹1
497 2717 635 2752 Usener
663 2719 698 2752 in
726 2720 803 2753 Mus
832 2696 934 2754 Rlien
963 2720 1057 2752 XXV
1070 2720 1123 2753 III
1150 2722 1271 2762 (1873)
1298 2731 1318 2763 p
1346 2721 1413 2752 417
1442 2720 1491 2753 sic
1511 2720 1554 2754 de
1569 2720 1718 2754 Luciani
1740 2720 1888 2755 scholiis

326 2776 556 2811 ndicaverat:
601 2778 667 2811 Die
700 2778 867 2812 Scholien
904 2789 946 2811 zu
983 2779 1169 2813 Lukianos
1211 2778 1292 2812 sind
1328 2779 1364 2812 in
1392 2779 1785 2822 hoehbyzantinischer
1810 2779 1892 2814 Zeit

373 2836 617 2870 .inentstande
