1914 3095
821 197 1117 238 —59—

195 320 305 371 quod
338 319 475 365 δεινός
506 320 660 361 fuisset
692 323 733 360 et
768 318 870 371 περὶ
904 318 950 357 τὸ
983 318 1289 371 ὀρτυγοκοπεῖν
1321 322 1363 360 et
1398 318 1497 371 περὶ
1528 316 1581 357 τὰ
1605 317 1747 368 ὃζιιοια.

192 390 301 444 Quid
336 391 418 433 sibi
436 391 541 433 velit
576 388 624 429 τὰ
658 388 798 441 ὅμοια,
833 390 886 430 ab
910 389 1211 440 Aristophanis
1244 389 1554 441 interpretibus
1587 389 1750 440 accepi-

191 474 284 503 mus
326 461 399 500 τὸν
431 461 563 500 αὐτὸν
595 462 635 509 (1]
671 473 694 502 0
717 461 954 510 Platonem)
1004 460 1174 500 Midiam
1206 460 1395 501 irrisisse
1427 459 1554 511 gallis
1584 471 1748 510 quoque

191 544 361 583 operam
408 531 590 572 dantem.
654 531 804 582 Itaque
850 532 1000 572 vitium
1046 543 1126 572 non
1169 531 1211 571 in
1255 531 1276 569 ὁ
1323 530 1461 581 αὐτὸς,
1506 530 1582 571 sed
1620 530 1664 571 in
1703 527 1749 568 ἐν

191 603 443 655 Ποαστρίαις
480 603 616 643 latere
649 614 813 643 censeoa
860 602 1086 643 Probabile
1110 614 1158 643 ac
1178 601 1411 643 verisimile
1434 606 1502 643 est
1523 602 1566 643 in
1589 601 1749 642 scholio

191 673 290 715 huic
320 673 476 715 Avium
504 673 642 713 versui
676 673 863 724 ascripto
898 673 1105 723 quondam
1140 672 1335 713 uberiore
1369 673 1497 713 etiam
1535 672 1749 713 Poastrias

191 742 561 785 commemoratam
593 743 740 790 fuisse,
775 743 924 783 scholii
958 744 1281 793 epitomatorem
1322 755 1484 784 conexu
1517 743 1749 784 sententia-

191 827 282 856 rum
317 815 457 856 deleto
492 810 537 852 ἐν
570 814 821 865 Ποαστρίαις
853 813 922 854 hic
954 813 1061 854 falso
1095 814 1335 855 collocasse.
1407 815 1555 864 Itaque
1594 825 1748 855 censeo

191 885 352 927 nomini
384 886 566 933 fabulae,
600 897 681 925 non
716 884 903 925 auctoris
936 884 1189 925 medicinam
1222 883 1484 925 afferendam
1517 896 1624 926 esse.
1664 883 1749 926 Sed

190 957 296 998 haec
334 957 553 997 hactenus.
617 956 721 996 Tum
764 962 942 1006 utroque
982 955 1141 995 scholio
1180 955 1293 996 inter
1325 967 1369 996 se
1403 955 1555 997 collato
1589 955 1748 997 conicio

190 1028 446 1069 comicorum
481 1014 741 1078 prolatorum
765 1026 948 1067 frustula
981 1026 1063 1066 alio
1098 1026 1218 1067 modo
1252 1026 1549 1067 distribuenda
1581 1038 1677 1068 esse
1700 1038 1749 1067 ac

191 1098 411 1140 distribuit
454 1097 587 1138 Kock.
680 1098 760 1138 Hic
803 1098 914 1138 enim
966 1097 1116 1138 scholii
1159 1097 1461 1148 Aristophanei
1505 1098 1636 1138 verba
1679 1096 1750 1136 καὶ

191 1166 356 1224 κλοπὴν
387 1168 599 1221 δημοσίων
637 1169 793 1209 iniuria
833 1176 877 1209 ut
911 1169 1058 1219 opinor
1092 1168 1334 1220 Metagenis
1369 1168 1552 1209 Homero
1586 1168 1750 1209 addixit

195 1239 251 1291 (fr
283 1239 334 1280 11
371 1239 481 1281 CAF
499 1239 521 1279 Ι
555 1252 579 1290 p
614 1238 726 1292 708).
771 1239 877 1280 Nam
911 1251 1003 1280 cum
1037 1251 1059 1280 e
1093 1239 1252 1280 scholio
1286 1239 1501 1281 Lucianeo
1535 1239 1749 1281 discamus

191 1310 481 1363 Phrynichum
520 1323 568 1352 ac
601 1310 823 1352 Platonem
859 1309 1031 1351 Midiam
1065 1310 1287 1361 peculatus
1320 1310 1528 1363 arguisse,
1573 1310 1748 1352 Homeri

190 1380 361 1422 fabulae
406 1385 705 1433 argumentum
744 1393 881 1433 paene
921 1382 1111 1432 ignotum
1145 1381 1213 1433 sit,
1261 1381 1333 1422 illa
1366 1381 1498 1423 verba
1532 1381 1749 1434 Metageni

190 1451 439 1494 abjudicem.
503 1452 687 1505 Quorum
732 1451 834 1493 sede
881 1456 1043 1493 mutata
1086 1452 1146 1493 sic
1187 1452 1349 1504 legam:
1394 1448 1665 1503 διαβάλλεται
1702 1451 1748 1491 δὲ

193 1521 252 1568 εἴς
292 1536 337 1562 τε
374 1524 585 1577 πονηρίαν
627 1522 698 1561 καὶ
726 1521 892 1577 κλοπὴν
915 1522 1124 1576 δημοσίων
1163 1517 1216 1567 οἷς
1258 1519 1435 1561 Πλάτων
1474 1520 1519 1561 ἐν
1553 1524 1748 1574 Νίκαιςῑ)

190 1599 234 1636 et
265 1595 399 1636 altero
433 1593 504 1632 καὶ
537 1594 797 1646 transposito
831 1606 1023 1645 pergam:
1057 1596 1128 1631 καί
1163 1589 1216 1638 οἷς
1239 1595 1484 1648 Μεταγένης
1517 1590 1562 1632 ἐν
1584 1588 1748 1650 Ὁμήρῳ

194 1666 498 1717 συκοφαντίαν.

308 1735 506 1778 Scholion
550 1737 689 1789 1⁷2V>
736 1736 844 1786 quod
889 1736 981 1776 'l'im
1025 1734 1081 1774 :50
1129 1736 1169 1787 (p
1214 1735 1378 1788 nona)
1422 1737 1652 1787 ascriptum
1696 1737 1748 1778 de

192 1807 347 1850 Cleone
391 1811 469 1859 est,
514 1807 653 1859 ipsum
696 1819 860 1858 quoque
904 1820 925 1848 e
959 1807 1132 1847 scholiis
1166 1806 1494 1858 Aristophaneis
1537 1807 1748 1857 quondam

190 1878 457 1919 uberioribus
512 1891 708 1920 manasse
751 1878 925 1919 confido.
1002 1878 1139 1918 Huius
1196 1878 1308 1918 enim
1361 1878 1527 1919 indoles
1575 1878 1749 1920 scholiis

190 1949 312 1991 modo
355 1949 552 1990 tractatis
596 1953 681 1990 tam
726 1949 878 1989 similis
924 1953 1002 1999 est,
1050 1952 1093 1988 ut
1134 1960 1217 1989 non
1257 1961 1481 2000 perperam
1515 1949 1747 1991 coniecisse

192 2020 348 2063 videar.
413 2021 475 2062 Ac
523 2026 821 2072 praeterquam
873 2019 980 2070 quod
1031 2020 1069 2060 ei
1117 2024 1327 2071 auctores,
1380 2032 1482 2070 quos
1526 2020 1749 2071 proferunt

190 2091 370 2133 Luciani
408 2092 682 2142 interpretes,
723 2091 775 2132 ad
815 2103 942 2131 unum
976 2103 1122 2132 omnes
1162 2091 1205 2131 in
1239 2091 1540 2142 Aristophanis
1573 2091 1747 2133 scholiis

190 2168 428 2215 occurrunt,
473 2162 553 2203 duo
596 2162 743 2203 scholii
791 2161 993 2202 Lucianei
1036 2161 1115 2202 loci
1164 2161 1316 2201 intima
1358 2164 1610 2213 cognatione
1652 2175 1747 2204 cum

190 2233 362 2275 scholiis
408 2232 735 2283 Aristophaneis
779 2232 994 2273 coniuncti
1038 2236 1149 2273 sunt.
1212 2231 1255 2273 Si
1301 2232 1451 2274 scholii
1496 2233 1662 2275 initium
1702 2233 1746 2286 (p

192 2302 356 2356 115‚15)
403 2303 654 2355 perlegeris,
705 2315 867 2344 mecum
900 2303 1200 2355 interrogabis,
1242 2303 1306 2344 cui
1342 2303 1541 2344 Cleonem
1574 2305 1747 2345 maledi-

188 2375 304 2417 xisse
331 2374 629 2425 Theopompus
652 2373 888 2415 tradiderit.
934 2373 1026 2415 Hoc
1058 2374 1281 2424 quaerenti
1312 2375 1499 2415 scholion
1535 2374 1629 2425 Equ
1663 2375 1746 2415 226

191 2445 434 2497 respondet,
469 2445 577 2495 quod
612 2457 634 2486 e
666 2445 938 2496 Theopompo
972 2445 1232 2496 exscriptum
1261 2445 1367 2486 haec
1399 2446 1590 2488 exhibet:
1623 2459 1746 2500 κατη-

192 2517 338 2569 γόρησε
370 2513 448 2568 γὰρ
481 2515 524 2569 (h
557 2527 580 2557 e
613 2516 635 2554 ὁ
670 2514 829 2568 Κλέων)
863 2516 1003 2555 αὐτῶν
1035 2514 1079 2568 (h
1113 2527 1136 2557 c
1170 2520 1252 2554 τῶν
1285 2514 1477 2569 ἱππέων)
1517 2511 1571 2561 ὠς
1602 2514 1746 2556 λειπο-

193 2587 495 2639 στρατούντων,
529 2585 570 2627 cf
602 2587 719 2628 schol
752 2586 844 2628 Ach
877 2588 914 2628 6.
980 2588 1120 2638 Atque
1154 2598 1248 2628 cum
1281 2587 1584 2638 Aristophanis
1617 2587 1746 2629 inter-

310 2751 338 2794 1)
365 2751 609 2795 Phrynichum
644 2751 776 2786 Midiae
807 2751 928 2786 eadem
966 2751 1141 2786 obiecisse
1175 2751 1321 2785 Luciani
1356 2750 1575 2786 scholiastae
1600 2751 1746 2786 scholiis

189 2809 466 2852 Aristophaneis
493 2810 716 2845 uberioribus
743 2810 887 2844 subnixi
914 2810 1084 2845 referunt.
