2054 3152
760 217 1051 259 ,25-

250 335 360 389 Quid
394 336 460 377 his
495 349 517 378 e
550 337 677 378 rebus
710 337 916 388 expositis
940 335 1165 389 efficiatur,
1201 337 1391 378 breviter
1414 337 1683 389 complectar.

132 405 202 447 Me
235 407 398 448 eruisse
431 418 585 449 censeo
618 407 801 448 omnium
835 407 1036 448 classium
1076 407 1234 448 scholia
1276 418 1328 447 ex
1367 406 1526 449 eisdem
1552 406 1686 447 'fonti-

132 477 211 518 bus
242 476 508 528 profluxisse.
571 477 673 519 Nam
710 481 872 519 certum
895 489 991 519 esse
1013 477 1117 518 mihi
1139 477 1310 519 videtur
1338 477 1508 519 eosdem
1531 477 1684 528 fontes,

133 547 285 598 quibus
319 547 497 590 Photius
531 552 574 589 et
600 547 752 590 Suidas
785 549 851 590 usi
883 552 997 601 sunt,
1037 548 1215 589 Luciani
1248 548 1558 600 interpretibus
1591 560 1688 599 sup-

133 617 362 669 peditasse.
438 619 584 669 Neque
627 619 790 665 dubito,
834 619 933 669 quin
979 618 1145 660 lexicon
1181 618 1386 670 Hesychii
1425 618 1688 659 simillimum

133 688 174 728 in
209 700 349 730 eorum
386 689 589 730 subsidiis
622 689 761 731 fuerit.
834 690 897 731 Ac.
929 702 1005 741 pro
1046 694 1161 731 certo
1194 690 1329 730 habeo
1367 689 1524 730 [lexica
1557 688 1687 740 Segu-

135 759 293 800 erianis
328 759 360 797 V
396 764 439 800 et
472 760 544 811 VI,
585 772 692 810 quae
725 761 843 811 quasi
878 764 1099 811 amputata
1132 764 1315 801 aetatem
1349 761 1553 812 tulerunt,
1598 772 1690 811 pro-

135 829 417 880 pinquissima
448 834 490 887 in
526 830 705 871 [luciani
739 830 900 872 scholia
932 831 1093 872 rivulos
1127 831 1333 872 emisisse.

193 1042 238 1085 C.
301 1043 367 1085 Do
400 1043 730 1095 grammaticis
763 1043 978 1097 antiquis
1012 1044 1305 1085 scholiorum
1341 1042 1632 1084 auctoribus.

529 1174 566 1205 a.
602 1159 712 1211 Quid
747 1159 1032 1217 Diogeniano
1067 1161 1300 1206 debeatur.

256 1255 392 1307 Supra
416 1256 458 1308 (p
484 1255 600 1309 7,11)
634 1257 860 1298 ostendere
885 1257 1028 1298 studui
1062 1270 1112 1298 ea
1136 1257 1299 1298 scholia
1322 1257 1550 1307 Lucianea,
1587 1267 1694 1305 quae

138 1327 282 1368 Photii
315 1330 457 1368 aetate
481 1327 725 1379 excogitata
748 1339 844 1369 esse
868 1328 1132 1381 argumentis
1155 1327 1312 1369 firmari
1332 1328 1492 1379 nequit,
1526 1326 1696 1367 saeculo

138 1397 223 1439 VII
254 1398 338 1439 iam
371 1398 601 1439 exstitisse.
666 1398 807 1449 Atque
840 1411 933 1439 cum
962 1399 1050 1439 veri
1086 1399 1292 1440 dissimile
1325 1399 1382 1440 sit
1413 1404 1502 1439 tum
1534 1402 1696 1449 tempo-

137 1469 197 1510 ris
229 1469 490 1520 interpretes
524 1469 576 1510 de
609 1481 684 1510 suo
717 1469 968 1511 eruditionis
1004 1482 1113 1520 penu
1136 1470 1383 1521 sumpsisse,
1418 1481 1497 1520 quo
1521 1467 1696 1510 Luciani

138 1551 240 1581 usus
264 1539 431 1581 dicendi
455 1543 720 1591 enarrarent,
745 1552 815 1581 eos
839 1539 891 1581 ad
912 1540 1072 1581 scholia
1091 1540 1355 1582 conficienda
1372 1545 1545 1592 praeter
1556 1538 1697 1580 Pollu-

140 1622 244 1662 cem,
287 1611 355 1661 qui
395 1611 460 1652 bis
499 1611 541 1651 in
576 1610 759 1652 medium
793 1611 1022 1663 profertur,
1066 1611 1172 1652 alios
1206 1616 1401 1653 auctores
1434 1610 1697 1662 antiquiores

140 1680 389 1722 adhibuisse
423 1681 595 1722 conieci.
658 1683 799 1732 Atque
831 1694 922 1723 cum
947 1682 1334 1734 circumspicerem,
1370 1683 1439 1733 qui
1461 1682 1522 1723 eis
1546 1693 1697 1732 suppe-

140 1756 233 1793 tere
257 1752 509 1804 potuissent,
545 1753 646 1793 mihi
670 1753 710 1793 in
737 1757 922 1794 mentem
942 1753 1060 1794 veuit
1085 1753 1352 1805 Diogeni-ani,
1387 1753 1505 1793 cuius
1528 1752 1698 1793 saeculo

144 1822 176 1862 V
216 1823 458 1874 Hesychius
508 1824 685 1864 alteram
732 1824 851 1874 quasi
905 1823 1134 1865 editionem
1189 1824 1365 1865 curavit.
1431 1825 1571 1873 Atque
1604 1834 1699 1863 cum

142 1894 390 1944 posterioris
443 1893 599 1935 aetatis
651 1895 919 1946 grammatici
972 1895 1024 1935 ad
1073 1894 1288 1936 Eustathii
1332 1907 1465 1945 usque
1506 1898 1700 1945 tempora

144 1968 277 2005 artem
320 1970 571 2006 exercentes
612 1965 951 2015 compendiosius
992 1965 1246 2018 Diogeniani
1286 1965 1541 2015 glossarium
1580 1976 1700 2016 prae-

145 2036 422 2087 optavissent,
458 2036 548 2077 eius
583 2036 765 2087 vestigia
798 2037 911 2077 inter
944 2037 1049 2077 haec
1082 2036 1243 2077 scholia
1276 2036 1490 2086 indagavi.
1536 2035 1568 2076 E]
1605 2035 1701 2075 Dio-

145 2106 329 2159 geniano
373 2111 488 2148 certo
536 2107 734 2157 profluxit
775 2107 965 2148 scholion
1009 2108 1163 2145 ECRV
1198 2121 1224 2159 p
1268 2106 1401 2159 228,.c›.
1459 2094 1577 2158 Quod
1617 2109 1699 2147 est:

146 2174 265 2222 ἔτνος
308 2180 398 2216 πᾶν
441 2180 621 2228 ὄσπριον
660 2175 866 2230 ἑρειχθὲν.
954 2178 1057 2218 t'um
1090 2178 1156 2219 his
1190 2178 1333 2219 verbis
1367 2177 1513 2218 confer
1545 2189 1702 2227 quaeso

146 2248 335 2289 scholion
373 2249 415 2289 in
455 2247 653 2301 Gregorii
694 2249 952 2290 Nazianzeni
997 2249 1229 2290 orationem
1264 2248 1327 2288 IX
1366 2247 1582 2289 codicibus
1618 2247 1702 2288 Μο-

146 2319 403 2360 nacensibus
454 2317 540 2359 499
594 2323 638 2360 et
691 2319 775 2359 204
827 2320 1032 2360 traditum
1073 2319 1235 2371 (Migne
1273 2318 1505 2370 XXXVL2
1544 2331 1567 2369 p
1601 2316 1704 2371 914)

149 2386 266 2434 ἔτνος
309 2401 314 2407 ·
362 2383 469 2434 εἶδος
513 2389 706 2441 ὀσπρίου,
752 2388 790 2429 οἱ
832 2389 914 2440 μὲν
956 2392 1135 2443 κύαμον,
1191 2388 1230 2429 οἱ
1274 2388 1319 2428 δὲ·
1361 2389 1404 2428 [ὁ
1437 2388 1703 2439 >castoria-svor

150 2457 393 2512 πισσάριον,
442 2460 478 2499 οἱ
521 2460 564 2500 δὲ
610 2458 758 2515 ἕψηιιια
806 2460 1025 2515 damma&
1058 2495 1065 2501 .
1100 2493 1105 2500 .
1142 2495 1148 2501 ,
1189 2458 1305 2504 ἔινος
1345 2455 1419 2498 οὖν
1454 2459 1499 2498 τὸ
1532 2455 1704 2511 ἐριχθὲν

148 2531 219 2570 καὶ
248 2531 459 2581 συγκοπὲν
483 2534 676 2584 ὄσπριον,
701 2526 791 2571 ἀπὸ
817 2538 887 2571 rosv
912 2529 1057 2584 έρείκω
1082 2532 1128 2570 τὸ
1146 2530 1265 2581 σχίζω
1290 2526 1396 2569 οὕτω
1420 2532 1704 2580 Διογενιανός.

149 2603 279 2644 Plura
311 2603 568 2656 Diogeniani
602 2605 773 2655 propria
812 2616 835 2643 e
875 2603 1049 2644 scholiis
1082 2603 1310 2644 Lucianeis
1351 2601 1602 2644 certissimis
1642 2613 1705 2642 ar-

149 2674 364 2726 gumentis
379 2686 478 2714 usus
495 2674 702 2725 expiscari
728 2685 892 2725 nequeo
910 2673 1025 2726 (vide
1048 2687 1074 2725 p
1104 2671 1186 2723 12).
1229 2673 1328 2724 Ipse
1354 2685 1452 2714 vero
1477 2671 1612 2724 vides,
1660 2672 1705 2712 in

152 2757 274 2795 quam
310 2746 483 2786 brevem
520 2745 696 2786 formam
730 2745 808 2786 hoc
826 2745 1006 2786 Luciani
1030 2744 1219 2786 scholion
1242 2743 1460 2785 redactum
1484 2742 1552 2784 sit.
1586 2742 1708 2784 Licet

151 2827 254 2857 sane
287 2816 476 2857 scholion
510 2814 822 2868 Gregorianum
857 2828 909 2857 ex
941 2815 1035 2867 ipso
1059 2815 1318 2867 Diogeniani
1344 2814 1452 2855 libro
1486 2812 1706 2864 depromp-
