2054 3152
721 269 1014 310 -37...

91 385 233 424 aetat-e
265 381 448 432 scriptos
473 378 821 421 transfluxerunt.
864 376 1096 427 Cercopum
1120 378 1285 416 tantum
1309 373 1513 422 scholion,
1537 373 1645 424 quod

91 451 394 494 commentario
407 451 449 491 in
465 450 668 492 comicum
692 447 900 499 quendam
914 446 1074 497 scripto
1086 445 1380 487 intercedente
1396 444 1580 486 tortasse
1594 443 1648 485 ad

92 522 339 564 Suetonium
354 520 479 572 redit,
503 533 527 561 a
546 520 689 571 specie
711 523 839 570 atque
855 517 998 559 indole
1017 519 1255 559 ceterorum
1273 515 1526 556 scholiorum
1548 514 1648 555 alic-

92 605 191 633 num
206 593 394 633 Arethae
408 591 498 632 fere
513 590 775 642 temporibus
798 588 840 629 in
856 587 1037 629 Luciani
1061 586 1228 628 codices
1244 585 1496 637 pervenisse
1510 584 1647 627 credo.

728 872 757 911 C
772 884 795 911 a
810 875 904 922 put
936 869 1014 910 ΠΙ.

453 978 526 1028 De
566 976 792 1028 scholiis
830 973 1282 1040 mythographis.

214 1096 392 1137 Luciani
416 1095 578 1136 scholia
601 1094 913 1147 mythographa
936 1093 1081 1134 variae
1103 1096 1281 1132 naturae
1309 1095 1351 1131 ct
1380 1090 1648 1131 auctoritatis

93 1172 202 1208 sunt.
265 1166 451 1219 Quorum
484 1165 663 1216 plurima
696 1170 782 1205 tam
817 1165 941 1205 anxie
966 1164 1207 1205 memoriam
1234 1162 1454 1210 vulgarem
1483 1166 1649 1204 sectan-

94 1242 162 1277 tur
205 1244 278 1278 aut
323 1242 406 1278 tam
450 1238 597 1279 brevia
637 1243 750 1289 sunt,
798 1243 842 1278 ut
882 1250 1025 1277 eorum
1060 1236 1199 1277 tontes
1234 1237 1322 1276 crui
1358 1247 1437 1276 non
1474 1235 1648 1286 possint.

95 1307 274 1349 Silentio
314 1309 538 1358 praeteriri
582 1314 767 1359 possunt.
837 1308 1037 1348 Forsitan
1079 1320 1101 1348 e
1140 1307 1260 1347 libris
1300 1307 1340 1346 in
1376 1318 1495 1346 usum
1530 1305 1648 1346 scho-

93 1378 228 1419 larum
261 1379 433 1430 scriptis
466 1379 619 1420 hausta
652 1382 760 1420 sunt.
824 1380 921 1419 Alia
953 1384 1038 1418 tam
1073 1377 1318 1419 reconditae
1358 1382 1401 1418 et
1432 1376 1649 1417 inauditae

94 1448 313 1490 doctrinae
345 1454 457 1501 sunt,
492 1454 538 1490 ut
570 1449 704 1501 primo
737 1450 887 1490 obtutu
920 1452 1121 1499 suspecta
1154 1452 1197 1490 et
1227 1460 1250 1487 a
1272 1447 1447 1489 falsario
1470 1445 1650 1497 quodam

93 1518 274 1561 conficta
306 1531 402 1561 esse
435 1520 673 1563 videantur.
737 1521 839 1562 Cum
863 1532 964 1562 vero
987 1520 1132 1563 variae
1165 1520 1319 1561 indolis
1342 1519 1517 1569 scholia,
1541 1529 1649 1568 quae

93 1590 163 1631 vix
194 1591 247 1632 ab
270 1602 352 1632 uno
375 1592 619 1643 excogitata
641 1596 752 1644 sunt,
786 1592 892 1633 mire
916 1605 940 1633 a
962 1591 1165 1632 memoria
1183 1591 1351 1643 vulgari
1378 1590 1648 1640 abhorreant,

94 1661 201 1702 nihil
243 1661 423 1713 impedit
464 1675 632 1705 sumere
674 1675 724 1704 ea
766 1675 788 1705 e
827 1662 1017 1704 fontibus
1057 1662 1230 1703 remotis
1270 1673 1479 1702 manasse.
1542 1660 1648 1701 Tum

95 1732 300 1773 nonnulla
332 1738 443 1786 sunt,
478 1746 585 1785 quae
619 1747 671 1776 ex
704 1734 765 1775 eis
797 1734 1001 1786 fontibus,
1036 1746 1138 1784 quos
1172 1732 1367 1775 adhibuit
1399 1731 1648 1782 Pausanias,

95 1802 291 1843 derivata
323 1815 418 1845 esse
451 1817 614 1847 censeo.
679 1807 742 1846 Ac
770 1804 923 1847 deinde
947 1805 1217 1856 cognoscitur
1240 1803 1400 1845 scholio
1426 1803 1650 1842 Fc¹V052A

95 1873 138 1925 (p
172 1872 280 1925 6221)
327 1881 489 1926 partem
523 1876 677 1918 indicis
709 1876 1010 1928 mytbographi
1044 1879 1309 1916 asservatam
1342 1886 1448 1915 esso.

215 1943 384 1986 Scholia
417 1947 742 2000 mythographa,
777 1959 870 1988 cum
903 1947 1131 1987 maximam
1167 1951 1331 1997 partem
1364 1946 1405 1985 in
1436 1944 1650 1986 codicibus

96 2015 401 2057 vetustissimis
441 2022 625 2070 exstent,
665 2024 711 2059 ut
748 2017 909 2059 scholia
948 2018 1227 2069 grammatica
1270 2030 1292 2058 e
1333 2017 1650 2059 commentariis

96 2085 153 2126 VI
187 2085 280 2127 fore
312 2089 472 2129 saeculi
505 2089 546 2129 in
580 2088 710 2129 libros
742 2087 1078 2141 Byzantinorum
1118 2093 1260 2130 aetate
1301 2089 1481 2139 scriptos
1514 2094 1650 2129 trans-

96 2157 193 2199 fusa
225 2171 320 2202 esse
354 2160 575 2211 probabile
608 2172 657 2201 ac
680 2160 771 2201 veri
804 2160 941 2202 simile
975 2166 1051 2201 cst.
1105 2161 1441 2201 Commemoratu
1475 2159 1650 2211 (lignum

96 2235 161 2271 est
195 2231 237 2271 in
271 2231 415 2272 codice
447 2231 708 2272 Barocciano
743 2229 826 2285 219
860 2231 877 2271 f
911 2230 994 2270 255
1027 2245 1047 2271 r
1080 2231 1273 2283 (Cramer
1306 2232 1377 2269 AO
1401 2228 1648 2284 11[p412)‚

98 2301 166 2351 qui
211 2301 371 2342 (Johnio
414 2300 551 2342 iudice
595 2301 765 2342 saeculo
798 2301 903 2342 XIV
947 2308 1131 2344 exeunte
1165 2308 1364 2343 exaratus
1399 2306 1465 2343 est
1497 2300 1650 2354 (Suppl

96 2371 237 2413 Philol
271 2371 330 2411 VI
363 2370 512 2424 (1893)
558 2384 583 2423 p
619 2370 734 2425 228),
776 2373 1003 2414 nonnullas
1035 2374 1202 2415 fabulas
1235 2378 1418 2425 exstare,
1466 2384 1573 2423 quae
1606 2371 1648 2412 in

98 2442 271 2484 brevius
313 2446 559 2483 contractae
603 2454 694 2483 cum
740 2442 917 2484 Luciani
964 2444 1138 2485 scholiis
1182 2443 1505 2495 mythographis
1545 2442 1650 2483 mire

99 2512 366 2554 conveniunt.
429 2515 493 2554 Ac
524 2513 608 2553 iam
640 2525 773 2564 prona
804 2514 996 2554 nascitur
1028 2515 1233 2564 quaestio,
1268 2521 1408 2555 utrum
1442 2526 1493 2555 cx
1531 2513 1649 2554 scho-

95 2583 164 2624 liis
209 2582 435 2625 Lucianeis
478 2596 532 2624 an
575 2595 627 2625 ex
669 2584 818 2625 horum
861 2584 1051 2626 fontibus
1095 2584 1275 2625 haustae
1316 2584 1413 2625 sint.
1484 2583 1650 2625 Codicis

97 2659 236 2695 autem
272 2655 424 2706 scriba,
459 2666 552 2695 cum
585 2654 787 2695 nonnulla
819 2655 903 2696 alia
934 2655 1152 2707 praebeat,
1187 2667 1294 2706 quae
1320 2655 1493 2696 Luciani
1523 2655 1651 2696 inter-

98 2728 266 2776 pretum
298 2725 468 2777 propria
491 2729 603 2777 sunt,
637 2725 749 2766 haud
774 2725 901 2766 dubie
924 2726 1085 2767 scholia
1104 2726 1319 2767 Lucianea
1341 2726 1483 2767 codice
1507 2725 1650 2767 nescio

99 2807 178 2846 quo
210 2795 370 2837 tradita
402 2796 626 2846 excerpsit.
691 2796 784 2848 Qua
822 2808 868 2836 re
904 2796 1153 2837 Barocciani
1193 2797 1434 2838 memoriani
1470 2796 1651 2838 auctori-

96 2869 186 2906 tato
219 2877 365 2907 carere
398 2877 474 2907 sua
506 2871 658 2918 sponte
691 2871 881 2918 apparet.
946 2866 1204 2908 scholiorum
1242 2867 1649 2920 mythographorum
