2054 3152
930 189 1224 230 „28—

304 313 563 363 interpretes
602 310 870 351 intitutiones
920 308 1247 350 Atheniensium
1291 307 1484 358 publicas
1526 307 1664 349 lexico
1701 305 1789 360 Seg
1818 306 1859 348 V

303 382 428 423 simili
455 394 550 422 usos
574 392 798 422 enarrasse
830 380 909 421 hoc
931 379 1119 420 scholion
1154 390 1208 420 ex
1238 390 1287 420 eo
1309 378 1447 419 lexico
1468 389 1667 420 manasse
1689 388 1856 429 cense0‚

303 453 420 493 cuius
462 452 644 504 epitome
689 450 774 499 See·
809 450 843 489 V
884 450 1061 491 exhibet
1101 449 1287 501 glossam
1332 448 1535 489 mutilam.
1608 448 1713 490 Cum
1756 459 1858 490 vero

303 523 414 564 inter
448 523 558 563 viros
598 522 742 562 doctos
782 526 978 562 constare
1011 520 1210 561 videatur
1249 519 1292 560 in
1335 519 1472 560 lexico
1516 518 1602 572 Seg
1644 519 1681 560 V
1719 530 1858 571 neque

303 593 412 634 Aelii
467 593 662 645 Dionysii
718 604 855 643 neque
919 591 1155 632 Pausaniae
1204 590 1391 642 vestigia
1440 602 1650 642 apparere
1702 588 1756 644 (F
1804 589 1858 632 de

302 663 514 715 Stojentin
550 664 591 703 in
630 663 761 704 Fleck
792 665 888 703 Ann
923 662 1064 703 s'XlX
1098 659 1247 715 (1879)
1280 674 1306 714 p
1332 660 1415 701 122
1441 665 1485 702 et
1507 660 1624 703 Cohn
1657 661 1700 702 in
1725 661 1859 714 Suppl

302 737 395 775 Anu
431 734 540 775 XIII
574 732 722 781 (1884)
756 746 792 785 p.
826 732 943 784 825),
985 732 1150 784 Freyer
1183 745 1208 784 p
1241 730 1326 773 319
1370 731 1561 773 scholion
1596 731 1860 774 Lucianeum

303 806 516 846 Atticistis
550 805 657 845 falso
691 804 900 845 attribuit.
964 802 1065 844 Cum
1110 815 1171 855 ea,
1214 815 1322 854 quae
1362 803 1620 844 scholiastae
1656 802 1860 845 Lucianei

308 876 482 915 ΙίΗῑὨ
535 875 585 916 ile
639 875 821 916 iudicum
857 874 1186 915 Atheniensium
1221 886 1298 915 usu
1332 872 1540 926 suffragia
1591 873 1758 916 ferendi
1806 873 1859 915 ad

305 948 397 987 Pisc
442 946 490 985 21
535 954 580 997 ip
627 945 788 996 132230)
831 945 1142 996 ascripserunt,
1187 957 1281 986 cum
1333 945 1493 986 scholio
1527 945 1769 987 Aeschineo
1811 957 1859 986 re
1899 981 1902 984 .

302 1019 569 1068 conveniant,
604 1016 748 1057 verbis
772 1016 1029 1068 discrepent,
1055 1015 1219 1068 Freyer
1246 1022 1317 1065 „ut
1340 1015 1557 1057 Atticistis
1579 1017 1663 1057 ista
1684 1015 1859 1069 tribuat,

301 1089 514 1129 luculento
548 1089 626 1128 hoc
665 1087 990 1128 scholiastarum
1033 1099 1242 1129 consensu
1286 1087 1549 1128 adducitur.“
1617 1086 1700 1129 Sed
1731 1087 1860 1141 longe

302 1173 324 1200 a
359 1172 459 1200 vera
493 1160 656 1199 ratione
691 1158 863 1199 recedit.
929 1158 1033 1198 Nam
1069 1171 1161 1199 cum
1206 1165 1249 1199 et
1282 1159 1566 1210 Harpocratio
1599 1171 1619 1200 s
1652 1171 1859 1213 τετρυπη-

304 1232 407 1283 μένη
441 1237 481 1270 et
516 1230 773 1270 scholiastae
810 1229 983 1270 liuciani
1026 1229 1152 1268 (JK-(2
1192 1230 1420 1271 Aeschinis
1454 1230 1707 1272 'l'imarchea
1739 1230 1860 1272 testi-

302 1302 438 1341 monio
473 1306 627 1352 utatur,
662 1300 805 1352 glossa
839 1300 987 1341 mutila
1018 1301 1089 1341 lex
1122 1299 1208 1353 Seg
1241 1300 1276 1342 V
1309 1300 1350 1341 in
1374 1301 1452 1342 BA
1472 1300 1494 1341 I
1529 1297 1678 1353 307,18
1711 1300 1861 1343 eadem

302 1372 497 1413 docuisse
532 1371 727 1413 videatur
761 1383 868 1423 quae
901 1371 959 1424 hi,
995 1371 1158 1413 scholia
1199 1375 1245 1412 ut
1277 1371 1567 1414 Aeschineum
1610 1372 1670 1413 ita
1709 1371 1860 1414 Lucia-

302 1455 422 1484 neum
459 1455 510 1483 ex
542 1443 667 1484 lexici
701 1441 787 1493 Seg
819 1442 854 1483 V
888 1446 1011 1494 patre
1045 1442 1237 1494 profecta
1270 1455 1365 1485 esse
1398 1455 1564 1496 censeo.

421 1514 616 1555 Scholion
652 1514 798 1564 138‚12
832 1526 885 1554 ex
918 1513 1135 1555 Atticistis
1167 1513 1343 1556 fluxisse
1378 1514 1541 1566 Freyer
1573 1527 1598 1566 p
1632 1513 1718 1556 320
1756 1514 1860 1555 mihi

303 1598 383 1625 non
419 1585 642 1635 persuasit.
706 1585 813 1625 Nam
848 1584 1039 1626 scholion
1074 1585 1201 1626 vilius
1235 1597 1330 1627 esse
1364 1597 1518 1627 censeo
1551 1598 1676 1637 quam
1699 1589 1746 1626 ut
1768 1585 1859 1627 eius

302 1656 396 1697 fons
430 1662 613 1696 eruatur.

423 1726 654 1778 Freyerum
689 1727 808 1778 sequi
842 1739 1018 1778 nequeo,
1054 1728 1121 1778 qui
1156 1740 1182 1779 p
1216 1727 1301 1768 313
1336 1740 1411 1779 eqs
1444 1731 1637 1769 autumat
1668 1727 1859 1770 scholion

303 1798 356 1838 Al
388 1798 415 1837 4
454 1798 494 1849 (p
529 1797 692 1849 180‚·2ef)
736 1799 979 1851 15012'452,
1029 1798 1137 1849 quod
1177 1804 1243 1840 est
1284 1799 1335 1840 de
1376 1798 1635 1851 Cercopibus
1680 1798 1861 1850 aliisque

303 1869 542 1909 hominibus
599 1869 792 1920 nefariis,
853 1869 1064 1911 Atticistis
1119 1869 1275 1911 (leberi.
1352 1869 1465 1911 Sane
1516 1882 1770 1921 quamquam
1822 1869 1862 1911 ei

303 1939 486 1981 concedo
520 1940 772 1981 scholiastas
806 1952 876 1981 eos
912 1946 1119 1992 auctores,
1155 1941 1307 1991 quibus
1341 1941 1525 1982 testibus
1554 1945 1744 1994 utuntur,
1776 1952 1860 1982 non

302 2011 416 2061 ipsos
455 2012 695 2062 inspexisse
736 2016 777 2051 et
821 2011 1115 2062 exscripsisse,
1160 2018 1302 2053 tamen
1347 2012 1538 2053 levitatis
1581 2016 1648 2054 est
1691 2023 1860 2053 sumere

304 2089 546 2132 propterea,
601 2082 707 2132 1111011
768 2082 942 2123 Luciani
997 2082 1256 2123 scholiastae
1299 2083 1467 2123 Aelium
1511 2082 1762 2136 Dionysium
1818 2085 1862 2123 et

304 2152 555 2193 Pausaniam
590 2153 877 2205 adhibuerint,
917 2153 996 2194 hoc
1029 2165 1193 2203 quoque
1234 2154 1423 2194 scholion
1463 2154 1525 2195 eis
1557 2152 1861 2195 vindicandum

305 2234 410 2263 esse.
474 2223 709 2274 Freyerum
742 2224 823 2264 ian]
860 2230 1091 2274 propterea
1134 2225 1288 2265 set-tari
1329 2236 1506 2275 nequeo,
1548 2224 1657 2275 quod
1697 2223 1861 2277 Harpo-

305 2294 437 2334 cratio
492 2307 510 2333 s
569 2290 826 2346 Εὐρύβατον,
882 2295 1080 2347 Κέρκωψ,
1140 2291 1398 2346 Φρυνώνδας
1439 2295 1665 2337 nonnullas
1708 2295 1860 2336 harum

305 2364 621 2406 historiolarum
655 2377 707 2406 ex
740 2365 929 2407 fontibus
957 2366 1268 2417 antiquioribus
1290 2367 1467 2408 haustas
1485 2367 1526 2407 in
1551 2367 1717 2409 lexicon
1740 2378 1867 2408 suum.

306 2435 478 2486 recepit.
543 2438 807 2487 Quamquam
840 2437 965 2477 huius
998 2437 1141 2488 glossa
1167 2439 1353 2491 Κέρκωψ
1385 2439 1576 2489 proxime
1609 2437 1776 2479 accedit
1806 2436 1860 2478 ad

306 2506 629 2547 scholiastarum
663 2509 797 2548 verba
832 2520 855 2558 p
894 2508 1013 2560 181ss
1051 2521 1139 2560 eqs,
1173 2514 1318 2550 tamen
1357 2521 1439 2550 non
1484 2509 1636 2559 colligo
1669 2508 1861 2550 scholion

306 2587 359 2616 ex
390 2576 742 2627 Harpocrationis
776 2578 883 2619 libro
918 2579 1123 2630 ampliore
1146 2580 1214 2620 vel
1236 2580 1406 2632 integro
1434 2591 1667 2621 emanasse.
1708 2579 1860 2621 Potius

306 2658 396 2686 cum
432 2659 455 2688 e
487 2647 631 2697 glossa
667 2646 925 2701 Φρυνώνδας
957 2650 1068 2691 effici
1092 2650 1290 2692 videatur
1317 2650 1355 2692 ei
1378 2651 1532 2692 librum
1557 2650 1860 2702 suppetivisse,

306 2717 424 2758 cuius
457 2723 603 2759 auctor
636 2718 687 2760 <le
721 2720 960 2762 hominibus
995 2721 1343 2763 sceleratissimis
1382 2725 1546 2774 egerat,
1591 2721 1650 2762 nil
1683 2720 1862 2773 impedit

306 2799 473 2829 sumere
507 2794 549 2829 et
582 2789 931 2840 Harpocrationis
965 2792 1150 2843 glossam
1184 2792 1253 2833 vel
1286 2792 1453 2844 glossas
1497 2797 1539 2833 et
1578 2791 1767 2833 scholion
1806 2791 1867 2832 ad-
