2054 3152
805 241 1069 282 -5—

161 365 304 404 exstet
326 361 502 414 nullum,
526 360 718 412 sequitur
740 360 901 402 scholia
923 359 1139 401 codicibus
1172 359 1221 411 Γ,
1256 363 1293 398 Ε
1312 359 1488 410 eiusque
1510 360 1716 412 progenie

163 431 273 474 BCR
314 432 472 473 tradita
514 436 614 473 ante
659 430 798 473 Photii
840 434 1025 472 aetatem
1068 430 1310 482 excogitata
1351 441 1460 471 esse.
1533 430 1595 472 Ne
1636 430 1717 471 hoc

163 502 331 554 quidem
364 502 648 545 demonstrari
680 505 821 553 potest
852 501 993 543 Photii
1034 503 1177 542 aetate
1209 500 1357 552 fuisse,
1397 500 1468 551 qui
1497 513 1520 542 e
1552 500 1717 542 littera-

162 586 254 615 rum
293 585 404 624 penu
443 573 756 625 depromerent,
796 583 873 620 quo
911 571 1025 613 locos
1064 570 1302 613 Lucianeos
1341 570 1716 623 grammaticorum

162 656 278 685 more
320 644 593 696 explicarent.
654 642 761 684 Nam
800 642 986 684 Basilius
1023 642 1096 684 ille
1134 641 1381 693 Adadenus,
1425 653 1549 692 quem
1587 653 1717 682 unum

162 714 230 756 his
271 714 535 766 temporibus
574 713 870 755 adnotationes
909 712 963 754 ad
1002 712 1236 754 Lucianum
1275 711 1557 763 adscripsisse
1600 714 1716 753 certo

163 784 447 826 demonstrari
493 788 644 836 potest,
688 784 869 825 Luciani
907 783 1146 826 sententias
1184 786 1257 824 aut
1295 782 1607 824 circumscribit
1644 786 1718 823 aut

164 855 409 906 comprobat
441 854 749 906 collaudatque,
784 853 1004 896 doctrinae
1037 856 1179 895 autem
1213 853 1442 906 vestigium
1475 865 1557 894 non
1591 865 1718 904 appa-

162 929 239 968 ret.
303 925 463 978 Quodsi
503 938 554 967 ea
592 925 766 977 scholia,
807 936 915 975 quae
946 924 1321 977 grammaticorum
1360 935 1475 965 more
1508 923 1717 965 dictiones

163 996 341 1038 Luciani
374 999 447 1037 aut
479 995 698 1047 explicant
730 999 803 1036 aut
825 996 927 1036 data
949 995 1169 1037 occasione
1192 995 1244 1037 de
1267 995 1521 1047 nominibus,
1544 993 1716 1045 fabulis,

161 1067 278 1115 locis,
312 1066 659 1118 philosophorum
694 1066 863 1117 placitis
890 1067 1024 1108 verba
1045 1066 1219 1118 faciunt,
1243 1069 1343 1107 ante
1366 1065 1508 1106 Photii
1532 1068 1718 1106 aetatem

163 1141 256 1179 orta
288 1141 400 1184 sunt,
434 1136 717 1187 probabiliter
740 1148 858 1177 sumo
882 1149 933 1178 ea
965 1141 1063 1178 ante
1091 1149 1244 1178 annum
1271 1135 1357 1176 650
1379 1136 1462 1177 iam
1486 1135 1717 1177 exstitisse.

162 1207 355 1259 Accedit,
396 1207 504 1258 quod
534 1207 676 1248 scriba
705 1206 862 1248 codicis
892 1207 930 1245 Γ
959 1207 1113 1249 librum
1146 1207 1407 1248 Lucianeum
1448 1205 1717 1257 deperditum

162 1278 354 1330 inspexit
386 1278 444 1329 (ci
476 1277 595 1319 Rabe
629 1290 654 1328 p
689 1276 797 1328 720).
862 1279 1002 1329 Atque
1035 1281 1134 1319 ante
1167 1278 1351 1319 scribam
1384 1276 1540 1318 codicis
1573 1276 1611 1314 Γ
1641 1275 1718 1316 lib-

162 1361 231 1390 ros
264 1348 437 1389 scholiis
469 1348 700 1390 instructos
734 1348 952 1390 exstitisse
985 1352 1028 1389 et
1059 1349 1099 1389 in
1136 1361 1213 1390 usu
1246 1348 1381 1389 fuisse
1414 1360 1436 1389 e
1471 1347 1589 1388 brevi
1623 1357 1718 1398 cog·-

162 1419 351 1461 noscitur
389 1419 683 1470 adnotatione,
735 1431 859 1469 quam
909 1419 1165 1461 scholiastae
1199 1419 1275 1459 ΓΔ
1313 1418 1364 1459 ad
1405 1418 1489 1460 Jov
1532 1416 1630 1459 conf
1663 1415 1717 1457 16

162 1493 204 1542 (p
239 1488 385 1543 57,19)
418 1489 759 1541 adscripserunt:
795 1485 841 1527 ἐν
870 1488 981 1543 ἄλλῳ
1004 1490 1179 1543 ,,Ι’ώχης
1211 1487 1255 1528 δὲ·
1289 1487 1394 1545 ἀνὴρ
1419 1486 1616 1540 ἐνάρεῑος
1648 1485 1719 1526 ἄν·

164 1560 453 1614 εσκολοπίσθη
488 1561 593 1613 πρὸς
627 1559 758 1599 αὐτοῦ
797 1561 850 1610 (h.
885 1572 918 1602 e.
951 1559 1377 1613 Σαρδαναπάλλου)“.
1430 1560 1522 1601 Illis
1556 1559 1718 1600 duobus

164 1632 361 1683 saeculis,
396 1632 549 1682 quibus
582 1630 723 1672 studia
746 1631 985 1672 litterarum
1009 1631 1277 1682 antiquarum
1302 1631 1470 1672 omnino
1499 1643 1580 1671 non
1605 1628 1719 1671 culta

163 1708 272 1751 sunt,
305 1714 356 1743 ea
389 1714 471 1743 non
506 1702 742 1753 perscripta
775 1714 872 1743 esse
904 1715 981 1743 sua
1013 1708 1165 1754 sponte
1198 1706 1388 1753 apparet.

283 1773 452 1814 Scholia
486 1773 703 1814 Lucianea
743 1777 785 1814 et
827 1777 926 1814 ante
960 1773 1099 1814 Photii
1134 1776 1318 1813 aetatem
1352 1777 1445 1813 orta
1477 1777 1520 1813 et
1552 1783 1603 1813 ex
1636 1781 1718 1811 uno

163 1843 281 1885 fonte
319 1844 363 1884 in
402 1843 570 1885 codices
603 1843 866 1894 Byzantinos
898 1842 1073 1885 fluxisse
1105 1843 1278 1884 scholiis
1317 1843 1579 1895 singularum
1614 1841 1719 1883 clas-

165 1915 272 1956 sium
305 1914 538 1966 recognitis
571 1915 878 1963 cornprobatur.
935 1914 1199 1955 Scholiorum
1233 1914 1342 1955 enim
1377 1914 1503 1965 longe
1538 1912 1720 1953 maxima

164 1997 264 2037 pars
297 1985 340 2026 in
374 1984 660 2036 compluribus
693 1985 761 2026 vel
794 1985 836 2025 in
870 1985 1064 2025 omnibus
1098 1985 1187 2026 fere
1221 1985 1436 2026 codicibus
1469 1987 1622 2026 exstat.
1656 1984 1719 2024 Ac

163 2058 311 2097 notatu
345 2055 641 2107 dignissimum
676 2059 743 2096 est
775 2067 825 2096 ea
857 2056 1032 2105 scholia,
1077 2068 1183 2105 quae
1216 2056 1372 2108 singuli
1406 2055 1503 2096 libri
1538 2055 1615 2095 soli
1649 2065 1718 2095 ex-

163 2127 327 2179 hibent,
362 2126 587 2178 perpaucis
621 2126 811 2176 exceptis
846 2127 981 2177 pretio
1015 2132 1058 2168 et
1090 2127 1345 2167 auctoritate
1378 2138 1537 2177 carere,
1573 2125 1717 2167 valere

165 2197 322 2248 aliquid
367 2209 417 2238 ea
462 2201 623 2238 tantum
672 2197 846 2248 scholia,
896 2197 1048 2247 quibus
1081 2197 1178 2238 libri
1213 2197 1475 2238 diversarum
1517 2195 1719 2237 classium

166 2268 362 2309 instructi
397 2272 505 2308 sunt.
570 2267 661 2308 Hac
694 2280 745 2308 ex
779 2268 1078 2309 observatione
1112 2267 1315 2308 concludo
1348 2267 1509 2308 scholia
1540 2267 1614 2307 illa
1646 2278 1719 2306 nu-

165 2337 332 2390 gatoria
370 2351 394 2378 a
432 2337 687 2379 scholiorum
727 2338 879 2379 scribis
918 2338 1023 2389 ipsis
1056 2338 1202 2379 addita
1235 2351 1342 2387 esse,
1383 2337 1544 2379 scholia
1577 2336 1717 2388 magni

165 2408 292 2460 pretii
325 2421 377 2450 ex
410 2420 492 2449 uno
525 2408 827 2450 commentario
860 2409 1028 2450 saeculo
1061 2408 1132 2448 IX
1165 2410 1188 2449 i.
1223 2422 1256 2450 e.
1290 2409 1441 2449 Photio
1480 2407 1719 2458 antiquiore

165 2479 206 2520 in
240 2484 407 2520 nostros
439 2479 570 2520 libros
606 2479 936 2530 Byzantinorum
969 2484 1111 2521 aetate
1145 2485 1341 2521 exaratos
1375 2478 1638 2521 confluxisse.

284 2550 368 2590 Sed
404 2550 647 2601 priusquam
687 2550 737 2590 ad
773 2550 935 2591 scholia
967 2551 1230 2591 recensenda
1269 2550 1511 2602 aggrediar,
1552 2548 1719 2590 codices

166 2632 215 2661 ac
247 2620 409 2661 scholia
444 2620 658 2662 Lucianea
692 2621 881 2661 breviter
913 2621 1060 2661 lcctori
1098 2633 1339 2672 proponam.

285 2691 428 2732 c'odex
461 2692 498 2729 Γ
529 2691 699 2732 saeculo
731 2703 840 2733 nono
874 2697 1057 2732 exeunte
1090 2692 1274 2741 scriptus
1306 2692 1524 2732 lclasscm
1553 2703 1719 2742 reprac—

167 2765 321 2803 sentat.

286 2832 444 2873 classis
478 2832 521 2873 Π
555 2833 687 2874 codex
735 2833 988 2874 Harlcianus
1029 2833 1064 2874 E
1106 2833 1349 2885 principalis
1384 2839 1460 2879 ost,
1504 2834 1571 2884 qui
1606 2834 1678 2874 cir(
