2054 3152
794 274 1086 315 „11-

167 404 274 443 quae
300 393 502 445 Basilius,
536 394 734 446 Arethas,
770 392 1015 434 Alexander
1046 391 1378 443 adscripserunt,
1413 391 1449 432 si
1484 390 1719 431 doctrinam

169 465 338 515 spectas
392 463 559 515 exigua,
613 464 649 504 si
700 462 995 516 garrulitatem
1038 468 1082 503 et
1113 461 1386 513 vituperandi
1431 460 1719 511 laudandique

169 533 367 586 studium,
403 534 623 575 ditissima.
668 534 786 586 Quae
819 533 902 574 alia
925 532 1086 574 scholia
1104 532 1207 574 viris
1231 532 1366 573 doctis
1386 531 1719 583 Byzantinorum

169 603 416 656 debeantur,
452 617 529 656 cap
562 604 599 644 V
632 616 852 655 exponam.

810 1319 983 1369 Faput
1015 1317 1070 1358 ΙΙ.

271 1424 345 1475 De
385 1424 742 1488 antiquorum
784 1423 1317 1475 commentariorum
1359 1423 1606 1475 fontibus

738 1517 1150 1581 grammaticis,

166 1633 214 1675 A.
278 1634 403 1690 Quae
436 1635 560 1677 ratio
584 1634 856 1677 intercedat
878 1635 1008 1677 inter
1032 1635 1229 1677 Luciani
1252 1635 1450 1687 scholia,
1474 1635 1719 1687 Photium‚

665 1704 876 1757 Suidam,
911 1705 1218 1757 Hesychium.

279 1810 543 1864 Quamquam
577 1811 896 1863 scholiographi
940 1812 1157 1853 rarissimo
1201 1812 1341 1854 fontes
1382 1825 1480 1854 suos
1512 1812 1717 1865 indicant,

162 1885 304 1923 tamen
338 1882 725 1923 demonstraturum
760 1894 825 1923 me
859 1894 955 1924 esse
988 1894 1126 1934 spero,
1168 1884 1319 1933 quibus
1360 1895 1382 1924 e
1416 1884 1719 1935 promptuariis

166 1952 327 1993 scholia
358 1956 504 1993 nostra
537 1952 730 1994 derivata
765 1953 863 1993 sint.

280 2022 382 2063 Cum
402 2022 568 2064 codices
584 2024 620 2063 Γ
634 2028 677 2064 et
697 2026 733 2063 E
750 2036 773 2064 a
789 2024 932 2064 Photii
956 2024 1177 2076 discipulis
1198 2022 1382 2078 scholiis,
1402 2024 1601 2066 instructi
1621 2025 1719 2077 sint,

162 2093 404 2134 coniectura
426 2093 611 2134 animum
635 2095 751 2135 subit
783 2095 835 2135 ab
868 2094 936 2135 his
961 2094 1104 2135 Photii
1137 2095 1303 2136 lexicon
1339 2095 1578 2136 adhibitum
1611 2108 1721 2137 esse.

159 2164 224 2204 Ac
262 2164 298 2204 si
337 2163 527 2206 scholion
566 2164 775 2215 quoddam
814 2177 907 2206 cum
945 2164 1086 2206 Photii
1135 2165 1291 2217 glossa,
1332 2178 1439 2216 quae
1472 2166 1583 2217 apud
1615 2166 1720 2208 alios

163 2235 496 2287 glossographos
520 2247 603 2276 non
631 2240 884 2287 occurreret,
925 2237 977 2277 ad
1000 2237 1175 2278 verbum
1200 2237 1462 2287 conveniret,
1487 2237 1720 2289 probabile,

162 2317 245 2347 non
287 2309 450 2347 certum
492 2310 608 2347 esset
653 2306 843 2348 scholion
888 2318 942 2348 ex
988 2307 1135 2348 Photio
1180 2310 1395 2358 sumptum
1438 2319 1547 2348 esse.
1617 2306 1720 2348 Cum

166 2387 266 2418 vero
300 2387 352 2417 ne
387 2388 513 2416 unum
546 2376 716 2427 quidem
749 2377 941 2419 scholion
980 2377 1021 2418 id
1060 2389 1197 2430 genus
1230 2377 1509 2430 reppererim,
1553 2389 1720 2419 sumen-

161 2445 257 2487 dum
292 2450 359 2488 est
391 2446 552 2487 scholia
585 2446 802 2488 Lucianea
835 2452 933 2489 ante
967 2447 1110 2489 Photii
1144 2452 1329 2489 aetatem
1368 2448 1452 2489 iam
1485 2448 1718 2490 exstitisse·

163 2516 256 2558 Duo
288 2520 455 2558 tantum
488 2521 588 2558 sunt
619 2517 782 2558 scholia
815 2517 891 2559 cod
927 2519 972 2570 Γ,
1008 2529 1129 2569 quae,
1164 2531 1257 2559 cum
1292 2518 1334 2559 in
1368 2518 1524 2560 ceter1s
1557 2519 1719 2571 glossa-

159 2587 236 2628 riis
268 2587 333 2628 sui
366 2587 522 2628 similia
554 2600 636 2629 non
670 2588 873 2641 habeant,
909 2601 1002 2630 cum
1035 2589 1193 2641 glossis
1226 2589 1352 2630 lexici
1374 2589 1575 2631 Photiani
1609 2602 1718 2631 com-

161 2658 302 2711 parari
344 2663 532 2709 possunt.
596 2658 677 2700 Sed
723 2664 769 2700 ut
813 2660 1110 2712 perspiciatur,
1154 2664 1357 2710 quantum
1396 2660 1568 2701 intersit
1606 2660 1719 2702 inter

162 2727 350 2769 scholion
399 2741 424 2780 p
475 2728 589 2781 7731
639 2734 683 2771 et
733 2729 872 2771 Photii
915 2730 1082 2782 glossas
1130 2728 1393 2782 ἀμφιδεξίως
1432 2732 1551 2783 χερσί
1602 2735 1646 2772 et
1678 2728 1716 2769 ἀ.

164 2799 311 2851 μῦθοι,
346 2811 397 2840 ea
429 2799 624 2851 excripsi.

163 2866 288 2910 Schol
333 2869 519 2910 PVQA:
569 2868 814 2922 ἀμφιδέξιος
856 2869 1022 2920 λέγεται
1086 2871 1107 2909 ὁ
1174 2875 1263 2915 [αἷς
1327 2871 1403 2910 δύο
1461 2871 1602 2925 χερσὶν
1664 2872 1717 2916 ὡς
