1914 3095
854 237 1145 277 —ffl-

222 353 398 405 xissel).
474 355 614 404 Atque
663 367 756 395 cum
804 354 923 395 modo
972 355 1243 406 exposuerim
1294 355 1474 396 Luciaui
1516 355 1776 406 interpretes

222 423 383 464 scholia
417 424 733 475 Aristophanea
766 425 971 472 quondam
1004 426 1201 467 uberiora
1228 437 1469 477 usurpasse,
1503 425 1582 466 hoc
1612 437 1777 477 quoque

222 493 411 534 scholion
461 507 515 535 ex
562 495 709 536 eodem
758 496 1046 546 promptuario
1091 496 1372 547 probabiliter
1415 496 1652 538 derivatum
1697 501 1776 547 est,

222 565 475 614 praesertim
519 576 611 605 cum
658 566 958 616 Aristophanis
1003 566 1127 607 Pacis
1160 579 1187 606 v
1228 565 1335 606 1244
1378 567 1420 607 in
1461 566 1645 609 medium
1684 578 1778 618 pro—

219 633 394 677 feratur.
457 635 520 676 Ac
572 635 755 676 fortasse
808 636 989 676 alterum
1043 637 1232 678 scholion
1275 637 1469 679 doctrina
1517 636 1777 679 Suetoniana

223 706 432 748 refertum
463 705 602 747 eidem
635 705 741 746 fonti
776 705 948 747 addicat
981 707 1200 758 quispiam.

339 776 537 818 Scholion
580 774 653 815 PC
668 775 834 816 VMQA
866 777 958 817 Tim
1004 776 1059 817 54
1102 777 1144 828 (p
1179 777 1328 829 119,3),
1376 791 1626 830 quamquam
1666 778 1778 820 inter

221 848 382 889 scholia
428 847 746 898 Aristophanea
790 847 926 888 locum
971 848 1062 889 eius
1096 849 1275 890 similem
1317 861 1395 890 nou
1432 849 1591 901 inveni,
1633 855 1775 890 tamen

223 931 349 961 versu
372 918 687 969 Aristophaneo
727 918 855 959 allato
889 933 942 959 cx
976 919 1037 960 eis
1071 919 1279 969 quondam
1316 919 1581 961 uberioribus
1615 919 1778 971 profec-

223 996 312 1031 tum
346 1001 441 1031 esse
475 1001 640 1030 censeo,

340 1060 571 1101 Praeterea
606 1059 686 1100 duo
720 1065 819 1100 sunt
838 1059 1019 1101 Luciani
1051 1060 1224 1112 scholia,
1260 1073 1367 1112 quae
1401 1061 1453 1102 ad
1487 1062 1664 1102 verbum
1687 1060 1778 1102 fere

223 1143 317 1172 cum
351 1130 524 1172 scholiis
557 1130 887 1182 Aristophaneis
920 1130 1190 1172 conveniunt.
1235 1131 1336 1172 Cum
1362 1144 1463 1173 vero
1495 1131 1538 1172 111
1562 1131 1777 1173 codicibus

220 1201 531 1244 recentioribus
554 1202 675 1242 ΑΜΕ
691 1202 728 1239 Ω
761 1208 946 1253 exstent,
979 1203 1022 1242 in
1046 1203 1244 1253 ambiguo
1267 1206 1346 1254 est,
1380 1206 1520 1243 utrum
1544 1214 1599 1244 ex
1617 1202 1778 1244 Aristo-

221 1272 375 1325 phanis
408 1272 581 1314 scholiis
615 1271 881 1313 uberioribus
914 1285 966 1313 au
992 1285 1046 1314 ex
1069 1272 1226 1314 nostris
1250 1273 1368 1314 eisve
1392 1273 1602 1315 similibus
1625 1273 1778 1314 hausta

223 1344 319 1384 sint.

278 1426 304 1465 p
339 1413 460 1466 166st
492 1414 529 1452 Ω
562 1432 617 1446 z
650 1413 741 1455 fere
774 1413 892 1454 schol
924 1412 997 1466 (R)
1032 1414 1121 1455 Ach
1157 1413 1253 1455 581.

279 1497 305 1536 p
342 1483 485 1536 171,17
519 1485 698 1524 ΔΜΕΩ
737 1502 791 1517 =
831 1484 922 1525 fere
954 1485 1071 1525 schol
1105 1485 1203 1526 Plut
1237 1484 1320 1526 109
1359 1486 1401 1527 cf
1432 1485 1550 1538 Harp
1584 1485 1673 1527 Hes
1706 1484 1779 1526 Sui

533 1568 552 1596 s
591 1553 784 1604 ἀτεχνῶς.

338 1626 486 1677 Neque
530 1626 667 1667 minus
700 1626 851 1666 vacillo
895 1626 937 1666 in
980 1627 1243 1668 recensendo
1286 1627 1446 1669 scholio
1487 1631 1524 1668 Δ
1557 1640 1582 1679 p
1616 1626 1776 1679 239‚=2⁶;‚

223 1695 332 1747 quod
365 1708 456 1737 cuni
492 1696 664 1738 scholiis
689 1695 780 1736 Rau
814 1695 899 1736 819
932 1700 974 1738 et
999 1696 1093 1738 Nub
1129 1695 1213 1737 130
1245 1698 1564 1740 necessitudine
1597 1697 1778 1749 quadam

221 1767 491 1809 coniunctum
525 1774 602 1808 est.

341 1884 365 1925 ¹)
395 1883 540 1917 Luciani
569 1883 786 1917 scholiastas
812 1884 974 1918 fontibus
1001 1884 1182 1927 primariis
1210 1895 1291 1918 usos
1320 1895 1398 1919 esse
1425 1886 1604 1919 evocibus
1632 1886 1665 1919 οἳ
1679 1885 1778 1933 ἄκρι-

222 1942 390 1986 βέστερον
410 1943 492 1987 περὶ
520 1941 701 1986 κοττάβου]
728 1942 957 1987 διαλαβόντες
984 1943 1150 1978 concludi
1179 1943 1315 1985 nequit.
