1914 3095
755 232 1049 273 *39-

243 353 553 394 Testimonium
586 351 843 393 scholiastae
876 353 914 390 A
947 350 1106 392 scholio
1140 348 1239 391 Gall
1273 349 1295 388 1
1331 348 1374 403 (p
1408 348 1542 402 86‚13)
1586 351 1682 391 sub-

119 424 331 475 scriptum
380 423 462 464 fide
510 427 553 464 et
602 421 856 463 auctoritate
900 433 1046 461 carere
1091 420 1251 461 scholio
1289 420 1382 471 ipso
1423 420 1681 472 perlustrato

119 494 405 546 cognoscitur.
468 493 516 534 In
547 493 760 534 codicibus
793 491 868 532 VA
901 492 1006 532 haec
1028 491 1249 543 leguntur:

125 564 172 603 τὸ
211 563 501 617 χρυσόμαλλον
539 574 640 617 φησι
670 563 800 615 δέρος,
840 558 862 599 ὃ
904 562 1061 614 Φρίξου
1099 559 1179 611 μὲν
1212 549 1262 614 ἦν
1301 565 1375 599 τοῦ
1409 557 1682 610 Ἀθάμαντος

130 634 282 680 παιδὸς
314 640 388 674 τοῦ
423 634 704 684 παιδαγωγοῦ,
740 629 783 678 ὃς
816 632 943 685 Κριὸς
977 628 1213 683 ὦνόμαστο,
1249 631 1364 684 δορά,
1400 632 1605 674 τυθέντος
1636 628 1681 669 δὲ

122 704 233 744 κατὰ
268 703 343 760 τὴν
378 704 560 754 Κολχίδα
600 707 676 758 γῆν
716 703 786 742 καὶ
819 699 1088 755 ἐκδαρέντος.
1128 701 1200 740 καὶ
1233 698 1344 754 ἐπεί,
1385 696 1440 746 ὦς
1473 702 1494 739 ὁ
1525 702 1679 753 μῦθος,

125 774 416 828 χρυσό,ιιαλλον
450 770 535 825 εἶχε
567 775 615 814 τὸ
638 774 769 827 δέρος,
804 773 1004 813 δεδόσθαι
1029 772 1089 818 είς
1109 771 1304 828 φυλακὴν
1329 771 1416 812 ὑπὸ
1439 772 1680 824 δρακόντων

125 845 463 898 φυλασσόμενον.
499 842 567 897 ἐφ’
600 841 622 883 ὃ
657 839 830 897 ὕστερον
866 841 1020 883 Ἰάσων
1051 842 1159 894 μετὰ
1182 849 1266 884 τῶν
1296 842 1433 882 ἄλλων
1456 839 1681 895 Ἀργοναυ-

126 922 207 955 τῶν
241 916 512 968 ἀποσταλείς,
555 913 621 969 ἐφ’
662 907 740 969 ᾧτε
773 917 1032 966 κομίσασθαι
1072 915 1142 954 καὶ
1177 914 1284 967 πρὸς
1315 914 1362 953 τὸ
1390 911 1540 966 ’Ἄργος
1572 910 1679 951 ἀπο-

124 991 395 1042 καταστῆσαι,
442 982 533 1027 εἶτα
582 987 774 1041 Μηδείας
810 989 880 1042 τῆς
921 986 1132 1038 θυγατρὸς
1163 984 1244 1036 μὲν
1266 984 1419 1040 Αἰήτου
1458 989 1534 1023 τοῦ
1567 985 1679 1035 βασι-

122 1057 321 1101 λεύοντος
357 1063 435 1096 τῶν
472 1061 613 1096 τόπων
646 1056 826 1112 ἀδελφῆς
858 1056 903 1095 δὲ
936 1053 1165 1110 Ἀψύρτου,
1206 1052 1250 1101 ὃς
1282 1052 1570 1095 ἐπεπίστευτο
1605 1052 1680 1109 τὴν

122 1126 315 1184 φυλακὴν
352 1134 426 1167 τοῦ
466 1128 623 1181 δέρους,
663 1127 731 1167 διὰ
780 1128 850 1167 τὸν
889 1127 994 1179 πρὸς
1026 1124 1192 1167 Ἰάσονα
1234 1128 1361 1183 αὐτῆς
1405 1124 1539 1179 ἔρωτα
1571 1123 1678 1178 δόλῳ

121 1197 203 1249 μὲν
231 1201 398 1251 πατέρα
420 1198 726 1252 μετελθούσης,
746 1196 970 1254 ’Ἄψυρτον
992 1198 1037 1238 δὲ
1060 1198 1134 1237 τὸν
1157 1196 1341 1250 ἀδελφὸν
1365 1195 1680 1248 ἀποκτεινάσης

122 1269 194 1308 καὶ
228 1263 359 1314 οὕτως
391 1271 699 1323 συνεργησάσης
731 1267 891 1309 Ἰάσονι
927 1270 1030 1309 αὐτό
1064 1282 1109 1308 τε
1140 1269 1188 1308 τὸ
1220 1268 1339 1320 δέρος
1364 1267 1586 1323 ληφθῆναι,
1608 1265 1679 1305 καὶ

122 1339 229 1393 πρὸς
262 1339 308 1378 τὸ
325 1336 482 1393 ’Ἄργος
503 1339 784 1395 διασωθῆναι.
817 1340 937 1382 addit
958 1343 1012 1381 A:
1050 1339 1071 1396 ἡ
1095 1338 1257 1392 ἱστορία
1292 1336 1396 1391 παρ’
1418 1335 1677 1391 Ἀπολλωνίῳ

122 1406 168 1448 ἐν
202 1407 550 1463 Ἀργοναυτικοῖς.
1112 1403 1117 1409 ”

240 1481 331 1522 Hoc
364 1481 553 1523 scholion
593 1482 647 1522 ad
680 1481 897 1533 Apollonii
929 1482 1223 1533 Argonautica
1261 1493 1343 1522 non
1383 1480 1524 1522 redire
1559 1491 1677 1531 aper-

120 1555 209 1592 tum
243 1556 319 1594 est.
382 1553 425 1593 Is
465 1553 535 1604 qui
575 1553 764 1594 scholion
803 1553 1042 1594 accuratius
1076 1551 1324 1604 perlegerit,
1365 1551 1551 1593 libenter
1583 1562 1678 1592 con-

121 1623 245 1664 cedet
297 1624 388 1664 eius
442 1628 638 1665 auctores
691 1624 930 1675 complures
984 1623 1156 1665 fabulae
1208 1623 1366 1665 formas
1420 1621 1676 1664 confudisse.

120 1692 278 1736 Scholii
319 1694 501 1746 initium,
547 1695 617 1735 ubi
657 1700 856 1735 narratur
888 1694 1043 1746 Urium,
1084 1693 1235 1734 Phrixi
1268 1693 1576 1746 paedagogum,
1624 1693 1676 1733 ab

118 1764 198 1806 hoc
244 1770 414 1807 servato
457 1765 500 1806 in
545 1765 748 1806 Colchide
790 1765 1054 1806 immolatum
1093 1777 1202 1817 esse,
1243 1776 1266 1805 e
1299 1764 1495 1816 Dionysii
1531 1762 1677 1815 Scyto-

123 1835 364 1876 brachionis
397 1834 732 1888 Argonauti(ci)s
766 1835 1019 1887 profiuxisse
1052 1848 1075 1878 e
1108 1835 1282 1877 scholiis
1315 1836 1382 1886 Ap
1405 1834 1529 1875 Rhod
1561 1833 1675 1886 1256,

118 1905 163 1947 Π
189 1917 278 1948 1144
311 1906 524 1948 discimus.
587 1908 690 1949 Cum
722 1919 824 1949 vero
848 1907 1029 1948 Luciani
1051 1907 1305 1948 scholiastas
1334 1906 1440 1947 haec
1463 1905 1677 1957 Apollonii

119 1976 281 2018 scholia
323 1978 592 2030 excerpsisse
634 1990 717 2019 non
762 1981 941 2030 constet,
987 1978 1030 2019 in
1074 1977 1202 2019 dubio
1236 1980 1313 2029 θεῖ,
1355 1989 1438 2028 qua
1469 1976 1538 2017 via
1570 1975 1677 2017 haec

117 2047 290 2090 fabulae
322 2048 460 2090 forma
492 2049 543 2090 ad
578 2049 755 2091 Luciani
789 2050 1051 2100 interpretes
1085 2050 1344 2101 pervenerit.
1409 2047 1544 2100 Quam
1576 2046 1675 2088 Dio-

118 2118 265 2160 dorum
299 2119 376 2172 (IV
410 2118 528 2173 47‚5),
562 2119 830 2161 Heraclitum
863 2120 931 2172 (de
953 2120 1101 2162 incred
1125 2118 1195 2172 24)
1219 2119 1473 2172 cognovisse
1497 2122 1675 2160 constat.

118 2189 224 2229 Tum
258 2190 438 2231 alterum
470 2190 631 2232 fontem
665 2191 800 2232 secuti
833 2191 1091 2232 scholiastae
1123 2190 1318 2231 referunt
1340 2189 1477 2231 vellus
1500 2201 1675 2230 aureum

118 2260 406 2311 compluribus
440 2260 695 2303 draconibus
734 2261 1057 2303 custodiendum
1095 2261 1300 2302 traditum
1339 2272 1450 2313 esse,
1493 2260 1676 2302 alterum

119 2331 319 2383 Absyrto.
383 2331 486 2372 Cum
510 2344 611 2373 vero
644 2332 724 2373 hoc
756 2335 982 2383 utrumque
1007 2332 1235 2374 memoriae
1257 2331 1426 2383 vulgari
1449 2336 1674 2383 repugnet,

117 2401 237 2444 Rabe
277 2414 352 2453 pro
392 2402 580 2444 codicum
619 2403 803 2444 lectione
846 2403 1088 2455 δρακόντων
1126 2403 1236 2444 male
1267 2401 1495 2454 δράκοντος
1526 2413 1675 2453 propo-

117 2472 255 2514 suisse
288 2472 392 2513 mihi
426 2472 607 2514 videtur.
649 2472 753 2525 Quis
786 2478 865 2525 est,
900 2473 970 2524 qui
1004 2478 1120 2514 certo
1154 2473 1280 2524 dicat,
1317 2472 1411 2523 quis
1443 2472 1522 2513 has
1554 2471 1675 2513 fabu-

116 2542 184 2584 lae
216 2542 375 2585 formas
409 2543 749 2597 excogitaverit?
802 2543 885 2586 Sed
918 2543 1104 2585 fortasse
1137 2548 1275 2596 erunt,
1310 2543 1378 2594 qui
1403 2544 1676 2595 suspicentur

116 2626 190 2656 eas
214 2614 429 2665 profectas
463 2627 559 2657 esse
592 2627 615 2656 e
648 2615 906 2656 carminibus
935 2614 1277 2656 Romanensibus
1310 2626 1361 2656 ea
1393 2618 1536 2656 aetate
1568 2615 1674 2656 ortis

89 2684 185 2726 vel
216 2685 437 2733 lectitatis,
471 2698 553 2736 qua
586 2685 770 2739 Quintus
804 2685 1076 2738 Smyrnaeus,
1119 2685 1306 2738 Nonnus,
1348 2685 1563 2738 Musaeus,
1597 2685 1675 2727 Or-

115 2755 267 2808 pheus,
316 2756 630 2809 Christodorus‚
685 2756 844 2798 Paulus
892 2755 1166 2799 Silentiarius
1208 2756 1549 2808 hellenistarum‚
1604 2757 1675 2806 qui

115 2824 328 2879 dicuntur,
362 2832 512 2878 poetas
544 2827 701 2869 imitati
733 2831 845 2868 sunt.
