1914 3095
730 235 1019 278 „41-

99 360 281 411 Priapus
299 356 659 409 Hermaphrodito
691 355 843 396 similis
861 354 995 395 fuisse
1013 353 1162 405 fertur,
1197 352 1378 393 Luciani
1399 352 1658 393 scholiastae

101 430 179 472 soli
214 429 389 471 Mnasea
432 433 546 470 teste
589 427 652 468 usi
697 426 890 468 referunt
930 437 1023 466 eum
1069 423 1471 475 Hermaphroditum
1512 422 1658 464 fuisse.

100 500 187 542 Eos
221 500 363 541 verbis
397 498 515 538 ἄλλοι
549 496 594 537 δὲ
626 494 872 550 Ἀφροδίτης
906 494 998 534 υἱὸν
1038 507 1135 536 usos
1175 507 1247 536 eas
1282 494 1506 535 memorias
1538 493 1657 534 fabu-

101 572 214 612 lares
247 572 426 612 obscure
460 568 703 621 significare
736 567 875 617 credo,
910 565 1143 607 secundum
1166 577 1271 616 quas
1294 565 1475 615 Priapus
1491 564 1659 604 Venere

103 646 253 693 matre,
287 641 470 682 diversis
504 644 641 681 autem
679 639 872 690 patribus
906 638 931 677 h
966 649 989 677 e
1024 637 1090 677 vel
1122 635 1231 677 ‚Jove
1255 636 1323 676 vel
1354 635 1562 676 Mercurio
1590 634 1659 675 vel

103 711 298 752 Adonide
331 716 448 752 ortus
482 715 584 751 erat.
650 712 788 760 Atque
821 721 916 749 cum
950 707 1101 748 Suidas
1135 719 1155 748 s
1189 707 1382 759 Πρίαπος
1405 706 1444 758 3,
1478 706 1660 747 Tzetzes

104 782 195 830 Lyc
218 781 316 833 831,
356 781 669 823 Westermanni
695 779 1036 832 Mythographus
1070 791 1094 829 p
1128 777 1212 818 382
1246 780 1424 818 narrent
1446 776 1660 818 Junonem

105 852 302 903 Priapum
345 852 388 893 in
418 851 600 892 Veneris
640 851 735 892 alvo
773 851 980 891 latentem
1019 853 1218 890 contactu
1256 847 1489 889 deformem
1522 846 1661 888 reddi·

104 923 232 973 disse,
276 922 453 963 Luciani
499 921 757 963 scholiastae
799 921 879 961 hoc
921 919 1120 967 reticent,
1164 919 1239 960 sed
1277 919 1365 959 late
1399 918 1661 970 describunt,

104 1005 211 1044 quae
243 993 350 1034 haec
381 993 664 1033 membrorum
700 991 948 1032 deformitas
981 989 1122 1031 fuerit.
1186 989 1288 1030 Cum
1312 989 1516 1030 Mnaseae
1539 988 1662 1030 testi-

104 1064 285 1105 monium
321 1062 540 1115 afferatur,
581 1075 662 1103 non
697 1066 776 1113 est,
818 1074 893 1102 cur
925 1066 1093 1103 ceteras
1127 1060 1297 1102 fabulae
1329 1060 1488 1101 formas
1522 1072 1546 1100 a
1577 1071 1662 1100 me-

105 1134 238 1176 moria
273 1134 438 1186 vulgari
474 1133 637 1174 alienas
669 1133 711 1173 in
747 1133 1034 1183 suspicionem
1069 1143 1277 1173 vocemus.

223 1203 390 1255 Subtili,
437 1216 518 1245 non
564 1208 765 1254 suspecta
799 1203 992 1244 doctrina
1032 1214 1082 1243 ea
1116 1214 1211 1243 esse
1245 1206 1358 1253 puto,
1403 1213 1511 1252 quae
1544 1200 1663 1242 scho-

105 1276 259 1317 liastae
294 1275 451 1314 ΓΟῙὊ
467 1276 550 1314 ΩΔ
577 1275 661 1315 Jov
685 1279 782 1326 trag·
805 1275 831 1313 ὃ
865 1273 907 1326 (p
932 1272 1068 1325 60,10)
1103 1273 1154 1313 de
1180 1272 1326 1314 Attide
1349 1272 1662 1323 ascripserunt:

105 1346 180 1385 τὸν
206 1343 353 1384 ’Ἄττιν
389 1346 551 1397 Φρύγες
584 1346 792 1396 σέβονται,
826 1344 900 1382 τὸν
934 1343 1065 1383 αὐτὸν
1098 1344 1200 1382 ὄντα
1234 1344 1290 1397 τῷ
1317 1345 1510 1395 Διονύσῳ
1558 1340 1662 1394 φασὶ

105 1415 150 1456 δὲ
184 1416 314 1455 αὐτὸν
347 1417 418 1455 καὶ
450 1414 687 1468 θηλυδρίαν
722 1410 805 1453 ὑπὸ
840 1410 963 1459 Ῥέας
1010 1417 1076 1469 τῆς
1120 1419 1198 1453 τῶν
1231 1416 1346 1453 θεῶν
1380 1412 1663 1452 ἄποκοπέντα

105 1490 276 1541 μητρός,
311 1484 377 1539 ἐφ’
413 1477 489 1539 ᾧτε
526 1484 740 1538 ἐρώμενον
774 1487 902 1540 αὐτῆς
938 1482 1134 1537 ὑπάρξαι.
1176 1482 1281 1524 ἔνιοι
1314 1483 1358 1523 δὲ·
1392 1484 1462 1523 καὶ
1495 1484 1663 1538 γνήσιον

110 1553 199 1596 υἱὸν
233 1558 360 1613 αὐτῆς
393 1559 495 1596 ὄντα
531 1562 655 1595 τοῦτο
687 1554 741 1595 (51³
776 1552 914 1595 ἐκεῖνο
948 1559 1114 1595 metir-lv
1147 1557 1277 1595 αὐτόν
1307 1567 1422 1608 ‘11⁶⁶-
1457 1556 1591 1609 τούτῳ
1626 1551 1664 1593 οἱ

108 1627 325 1680 ἱερατικοῖς
362 1627 705 1679 λειτουργοῦντες
748 1624 1050 1677 ἐκτεμνόμενοι
1095 1630 1304 1678 πρότερον
1346 1625 1394 1665 τὰ
1441 1623 1662 1679 γεννητικὰ

109 1699 250 1752 ἄρθρα
296 1698 549 1739 ἀνετίθεντο
595 1692 739 1742 οὕτως,
784 1698 853 1737 διά
896 1704 1032 1737 τιιῦιιι
1075 1697 1145 1736 καὶ
1191 1704 1265 1737 νῦν
1310 1696 1506 1743 παίζεται
1540 1701 1662 1735 τοῦτο

109 1769 217 1809 κατὰ
252 1766 429 1809 πάντων
464 1769 677 1819 εὐνούχων
719 1764 771 1814 οἷς
802 1771 859 1824 τῷ
888 1767 1047 1808 ''Amul'‘
1089 1766 1344 1821 ἐπιτηδείων
1378 1766 1663 1807 ἀνακεῖσθαι·

111 1839 423 1892 ἁρμοδιώτερον
476 1840 532 1893 δέ,
585 1838 625 1879 εἰ
674 1840 997 1890 κιναιδεύοινιο,
1052 1842 1205 1879 καθότι
1252 1839 1323 1877 και
1365 1834 1491 1883 αὐτὸς
1524 1835 1666 1882 1’Λίττις

110 1917 298 1956 τοιοῦτος
331 1907 404 1950 ἐπ’
438 1909 663 1964 ἄμᾳοτέρῳ
700 1913 754 1965 τῷ
785 1908 908 1961 μύσει
944 1909 1261 1960 ἐξειιιζόμενος.

111 1983 372 2036 Quamquam
417 1990 561 2023 notum
606 1989 671 2024 est
714 1983 910 2035 Phryges
955 1984 1074 2024 Attin
1118 1982 1266 2023 Liberi
1309 1982 1446 2022 instar
1484 1980 1666 2021 coluisse

111 2054 342 2106 (Hepding,
377 2054 493 2095 Attis
526 2065 551 2104 p
585 2052 699 2107 214),
735 2054 884 2094 scholii
919 2058 1113 2095 auctores
1154 2053 1245 2094 eius
1285 2050 1462 2093 castrati
1495 2062 1666 2091 causam

109 2137 261 2166 novam
315 2128 358 2165 et
409 2124 643 2165 inauditam
691 2125 916 2176 proferunt
967 2124 1187 2176 (Hepding
1241 2137 1265 2175 p
1318 2122 1433 2176 121).
1531 2120 1665 2162 Idem-

113 2207 192 2246 que
224 2196 290 2236 vir
322 2194 470 2236 doctus
505 2207 529 2246 p
564 2193 685 2246 1045
714 2196 894 2237 coniecit
927 2195 1076 2237 scholii
1110 2195 1281 2236 tertiam
1323 2192 1581 2235 sententiam
1613 2191 1666 2233 ad

112 2266 299 2306 fabulam
339 2267 376 2307 ei
417 2266 597 2307 similem
638 2265 792 2318 redire,
848 2279 969 2317 quam
1004 2266 1268 2317 Timotheus,
1312 2265 1493 2305 antistes
1538 2262 1667 2305 caeri-

114 2337 348 2377 moniarum
382 2336 754 2390 Eleusiniensium‚
789 2337 841 2378 de
864 2337 1012 2378 Attide
1042 2350 1066 2377 a
1090 2336 1396 2378 Pesinuntibus
1429 2335 1541 2376 culto
1574 2345 1669 2375 con-

115 2406 307 2448 finxerat.
371 2406 407 2448 E
441 2407 728 2459 compluribus
760 2407 949 2449 fontibus
982 2407 1142 2449 rivulos
1174 2407 1218 2448 in
1250 2407 1329 2448 hoc
1362 2406 1550 2447 scholion
1574 2417 1668 2446 con-

115 2476 290 2520 fluxisse
322 2478 451 2531 plane
484 2478 756 2531 cognoscitur
789 2491 837 2519 ac
871 2479 1031 2520 conicio
1065 2490 1136 2520 eos
1170 2490 1192 2519 e
1224 2477 1455 2519 reconditis
1488 2476 1669 2528 antiqui-

114 2552 248 2590 tatum
283 2549 405 2591 libris
438 2561 644 2590 manasse.

178 2638 183 2643 ·
234 2619 401 2671 Lepida
441 2633 490 2661 ac
534 2626 658 2673 grata
699 2634 749 2662 ea
791 2626 902 2671 sunt,
948 2633 1054 2671 quae
1099 2620 1356 2661 scholiastae
1401 2619 1667 2659 PGVOEQA

116 2688 214 2731 Gall
249 2689 302 2729 19
336 2689 378 2743 (p
411 2691 544 2744 9211)
579 2693 631 2733 dc
665 2692 864 2732 s¹aenislis
899 2692 1132 2731 mutatione
1171 2702 1299 2731 sexus
1338 2691 1669 2731 adnotaverunt:

118 2761 139 2798 ὁ
194 2761 378 2805 Καινεὺς
431 2765 658 2816 πρότερον,
710 2757 764 2807 ὥς
803 2775 945 2813 (sanor,
1000 2759 1102 2816 γυνη
1150 2750 1215 2815 ἦν.
1260 2758 1428 2816 ἠράσθη
1462 2757 1615 2813 ταύτης
1647 2760 1669 2799 ὅ

119 2830 343 2884 Ποσειδῶν,
385 2830 409 2887 ἥ
442 2831 487 2872 δὲ
521 2833 594 2872 οὐκ
627 2832 762 2878 ἄλλως
795 2830 875 2885 ἔφη
909 2834 1179 2883 συγγίνεσθαι
1210 2832 1335 2886 αὐτῷ,
1374 2830 1413 2870 εἰ
1449 2829 1505 2886 ,ιιὴ
1539 2830 1670 2884 ὀμόσῃ
