2054 3152
714 250 1001 289 „35-

80 367 206 418 γίδων
267 366 337 406 καὶ
400 366 537 406 ἄλλων
599 366 817 418 συμβόλων
863 368 865 398 l
895 365 999 417 βολά
1026 379 1117 405 ῑινα
1141 371 1408 420 ποιούμενοι,
1443 366 1526 419 ἵνα,
1561 365 1632 413 οὓς

82 435 274 492 ἀλλήλοις
305 437 510 477 δύνανται
863 455 864 476 ι
895 431 949 475 ἂν
959 438 1190 486 πέμπωσιν
1203 436 1391 487 ἀγνῶτας
1409 430 1499 478 οἷον
1517 437 1635 483 υἱοὺς

82 507 244 558 ὁμιλεῖν
276 507 344 547 καὶ
381 505 451 552 οὓς
479 507 703 560 βούλονται
727 519 819 547 συν·
861 493 864 524 ¹
896 505 920 562 ἢ
955 505 1147 558 οἰκείους,
1190 508 1499 560 προςδέχωνται
1541 507 1634 548 ἅτε-

82 581 211 619 ισιᾶν.
862 564 863 633 l
894 591 960 629 ροι
991 576 1060 617 διὰ
1099 577 1145 616 [ἀ
1179 577 1379 630 σύμβολα.

80 649 295 701 δορύξενοι
324 649 382 700 δέ,
416 644 470 694 ὦς
493 647 614 701 εἰκός,
650 647 817 688 οἱκατὰ
894 648 997 700 φασὶ
1041 647 1087 687 δὲ
1125 648 1195 687 καὶ
1233 650 1479 702 δορυξένους
1517 642 1635 688 οὗτοι

80 717 576 774 τὸνπόλεμονᾶλλήλους
594 718 818 773 φιλοποιη-
861 713 989 764 ἰτοὺς
1037 719 1143 759 καῑά
1194 718 1385 763 πόλεμον
1428 718 1632 775 ἀλλήλους

80 792 269 840 σάμενοι.
893 789 1311 844 φιλοποιησαμένους
1343 785 1397 835 ὦς
1419 790 1633 846 Διομήδης

859 854 862 921 ξ
895 859 1101 902 Γλαῦκον.

199 932 300 971 (¹um
351 932 539 972 scholion
592 932 719 972 toties
774 932 963 982 proxime
1007 932 1183 973 accedat
1230 932 1279 972 ad
1329 931 1632 984 Aristophanis

78 1002 277 1053 Byzantii
322 1002 571 1053 doctrinam,
616 1014 733 1043 sumo
776 1000 926 1043 Glauci
976 1007 1019 1043 et
1064 1002 1278 1044 Diomedis
1323 1002 1633 1051 doryxenorum

78 1073 319 1123 exemplum
360 1074 413 1113 ab
452 1072 601 1113 eodem
635 1073 922 1123 excogitatum
959 1085 1067 1114 esse.
1129 1073 1292 1126 Itaque,
1333 1073 1369 1114 si
1402 1077 1519 1114 recte
1551 1073 1630 1113 hoc

77 1155 123 1184 se
162 1143 303 1190 habet,
352 1143 539 1184 scholion
581 1142 709 1183 BLV
748 1143 790 1183 in
832 1145 934 1183 Hom
970 1146 1008 1182 A
1041 1143 1124 1183 377
1166 1144 1218 1185 ad
1252 1143 1431 1184 eundem
1465 1142 1632 1184 reduco.

76 1214 156 1255 Est
188 1214 318 1255 enim:
354 1214 469 1259 ξένος
501 1212 572 1253 καὶ
604 1214 625 1252 ό
658 1213 884 1264 δεχόμενος
916 1214 987 1252 καὶ
1010 1214 1031 1252 ὁ
1053 1213 1223 1263 δεχθείς
1250 1225 1257 1232 ·
1290 1215 1425 1260 ξεῖνος
1456 1215 1533 1267 γάρ
1555 1214 1632 1264 μοί

77 1283 163 1325 ἐστι
202 1287 251 1334 (θ
284 1284 403 1335 208).
448 1285 652 1336 πρόξενος
690 1285 711 1323 ὁ
752 1284 840 1323 ὑπὸ
874 1283 1037 1329 πόλεως
1070 1281 1299 1339 ἠξιωμένος
1331 1279 1385 1329 ὥς
1416 1297 1461 1323 τε
1484 1282 1550 1337 (έν
1582 1285 1634 1338 τῇ

76 1359 272 1409 σᾳετέρᾳ)
306 1357 597 1408 προίσιασθαι
630 1355 778 1410 αὐτῆς.
820 1352 1020 1400 ἰδιόξενος
1059 1356 1112 1399 ὡς
1145 1356 1166 1393 ὁ
1202 1357 1385 1408 Μέντωρ
1418 1356 1474 1409 τῷ
1502 1353 1630 1408 Τηλέ-

74 1429 207 1481 μάχῳ.
241 1425 461 1473 ἄστόξενος
493 1427 514 1465 ὃ
548 1423 593 1464 ἐκ
627 1428 849 1477 προγόνων
872 1422 1096 1479 ἐπιχώριος
1125 1427 1178 1471 ὡς
1200 1423 1371 1478 Ἀτρεὺς
1391 1426 1523 1479 Φρυξὶ
1545 1425 1632 1477 (καὶ

80 1501 264 1550 Τεῦκρος
303 1499 477 1551 Τρωσί).
511 1496 731 1549 δορύξενος
763 1496 816 1540 ὡς
851 1495 1043 1541 Γλαῦκος
1074 1496 1145 1536 καὶ
1177 1497 1405 1553 Διομήδης.

194 1569 457 1610 Scholiastas
499 1567 732 1609 Lucianeos
772 1567 959 1608 scholion
1001 1579 1053 1607 ex
1092 1568 1394 1620 Aristophanis
1432 1567 1631 1619 Byzantii

74 1640 182 1681 libro
213 1640 329 1690 ipsos
362 1651 445 1680 non
480 1637 794 1689 deprompsisse
828 1650 881 1678 ex
914 1650 991 1677 usu
1025 1636 1191 1677 dicendi
1227 1635 1272 1688 (p
1306 1636 1402 1687 7,ι6,
1430 1638 1502 1689 23)
1534 1647 1630 1686 cog-

74 1707 274 1749 noscitur.
337 1707 484 1747 Potius
517 1720 606 1748 cum
644 1708 791 1749 scholii
826 1708 948 1748 initio
983 1708 1177 1759 νεώτεροι
1211 1711 1294 1744 τῶν
1330 1707 1516 1760 ρητόρων
1540 1718 1631 1757 pro-

73 1778 279 1829 ferantur,
314 1778 404 1818 veri
440 1778 579 1818 simile
613 1784 679 1820 est
711 1779 790 1820 hoc
823 1779 1013 1819 scholion
1047 1782 1180 1819 totum
1215 1790 1237 1819 e
1261 1778 1396 1819 lexico
1417 1777 1630 1818 rhetorico

74 1847 339 1900 profluxisse.
402 1850 543 1899 Atque
586 1861 679 1889 cum
723 1849 903 1890 frivolae
948 1849 1168 1890 admodum
1216 1861 1263 1889 ac
1302 1848 1421 1890 leves
1460 1848 1629 1899 glossae

72 1920 142 1960 lex
176 1919 333 1960 Bachm
369 1919 389 1959 I
425 1919 543 1972 156st
573 1924 616 1961 et
649 1918 771 1971 260‚3
802 1920 1103 1971 Aristophanis
1137 1919 1374 1960 doctrinam
1407 1918 1504 1959 olim
1539 1918 1630 1958 red-

74 1989 234 2031 didisse
267 1990 507 2040 videantur,
542 1990 727 2031 fortasse
760 1997 898 2041 erunt,
935 1991 1003 2041 qui
1037 1995 1241 2032 censeant
1273 1990 1459 2030 scholion
1481 1989 1632 2029 Lucia-

73 2073 197 2102 neum
232 2074 254 2101 e
286 2061 422 2102 lexico
456 2064 540 2113 seg
576 2061 633 2102 VI
665 2061 877 2112 quondam
913 2062 1103 2112 pleniore
1137 2061 1375 2102 derivatum
1410 2071 1516 2101 esse.

376 2188 402 2234 f.
466 2188 533 2235 De
566 2188 755 2246 Didymo
791 2188 1071 2244 scholiorum
1106 2191 1307 2235 auctore.

191 2285 456 2327 Scholiastae
489 2286 688 2337 ΕῙῙφΩΔ
720 2285 888 2336 Lexiph
927 2284 978 2324 21
1014 2284 1058 2337 (p
1093 2283 1244 2336 202‚5)
1269 2288 1326 2336 ut,
1358 2296 1465 2335 quae
1487 2283 1543 2324 sit
1566 2282 1632 2323 vis

72 2357 188 2397 vocis
222 2354 486 2410 σιληπορδία,
520 2356 873 2407 interpretentur,
908 2355 1127 2406 Sophrone
1150 2360 1263 2397 teste
1288 2359 1474 2395 utuntur.
1525 2353 1629 2393 Con-

71 2427 151 2468 icio
195 2427 273 2468 hoc
316 2427 505 2468 scholion
544 2425 839 2467 intercedente
876 2426 943 2467 vel
976 2426 1210 2466 enchiridio
1250 2425 1527 2477 grammatico
1559 2423 1629 2466 vel

71 2498 373 2538 commentario
426 2498 467 2538 in
520 2497 721 2538 comicum
776 2500 949 2547 poetam
997 2496 1155 2546 scripto
1199 2496 1251 2536 ad
1297 2495 1468 2547 Didymi
1516 2493 1629 2540 λέξιν

71 2566 259 2624 κωμικὴν
290 2568 441 2609 redire.
505 2568 562 2608 Et
595 2567 786 2619 profecto
822 2567 913 2607 eius
947 2566 1167 2607 doctrinae
1200 2571 1317 2607 certa
1339 2565 1524 2617 vestigia
1546 2564 1629 2605 duo

69 2639 185 2681 inter
216 2640 322 2680 haec
355 2639 516 2680 scholia
547 2638 763 2680 invenisse
796 2637 961 2678 videor.

187 2709 427 2751 Scholiasta
459 2712 497 2749 Δ
529 2709 579 2750 ad
615 2708 712 2750 Gall
748 2707 799 2748 17
835 2707 987 2759 (saluo)
1028 2708 1135 2748 haec
1173 2707 1392 2759 ascripsit:
1449 2694 1480 2743 εἷ)
1518 2706 1629 2755 miv}

70 2781 267 2834 σημαίνει
284 2780 333 2820 τὸ
356 2778 498 2833 ἑταῖρε
512 2779 581 2819 καὶ
594 2781 753 2829 γίνεται
766 2777 886 2831 παρὰ
909 2777 957 2817 τὸ
969 2774 1076 2832 ἔτης,
1092 2773 1114 2815 ὃ
1130 2778 1329 2831 σημαίνει
1340 2777 1413 2815 τὸν
1437 2778 1624 2831 συγγενῆ·

73 2852 342 2903 ,,κασι’γνητοί
370 2863 417 2890 τε
450 2848 543 2890 ἔται
574 2851 643 2889 affl
682 2850 744 2903 (Π
775 2848 878 2902 456).
921 2845 966 2895 ἐξ
996 2849 1126 2888 αὐτοῦ
1166 2850 1326 2899 γίνεται
1366 2844 1530 2901 §riq-cciv,
1575 2847 1630 2890 ὡς

1369 2918 1416 2949 3*
