1914 3095
867 428 1031 479 Caput
1067 427 1112 466 V.

269 537 569 590 Illustrium
609 535 857 586 virorum
899 532 1321 584 Atheniensium
1359 531 1528 592 vitae,
1568 531 1712 583 unde

786 629 1022 679 haustae
1062 627 1189 679 sint.

327 738 374 779 In
421 737 601 778 Luci-ani
645 735 899 777 scholiorum
944 746 1148 785 compage
1195 733 1393 774 nonnulla
1438 736 1549 783 sunt,
1594 743 1770 783 quorum

211 813 405 850 auctores
459 807 717 849 testimoniis
771 805 1167 856 antiquissimorum
1220 804 1474 855 scriptorum
1522 803 1664 844 allatis
1718 802 1771 844 de

208 881 312 922 viris
354 879 681 920 Atheniensium
727 876 1082 929 praeclarissimis
1126 875 1364 924 Alcibiade,
1409 874 1555 926 Callia,
1600 873 1770 926 Cleone‚

209 950 468 1003 Hyper-bolo,
505 950 636 990 Midia
669 948 762 989 fuse
796 954 941 995 agunt.
1009 946 1123 988 Haec
1155 946 1315 987 scholia
1348 946 1509 987 tradita
1540 950 1640 986 sunt
1670 945 1713 985 in
1744 945 1778 982 V

209 1027 251 1072 (p
285 1021 407 1073 57‚1),
458 1021 531 1061 ΓΔ
575 1023 616 1070 (p
651 1020 805 1071 83,10),
852 1019 918 1059 1'2
946 1018 978 1055 V
1014 1020 1056 1069 (p
1092 1015 1268 1070 115,12),
1315 1018 1382 1058 Γ2
1405 1017 1484 1057 VA
1517 1018 1558 1068 (p
1595 1015 1770 1068 114,21).

210 1093 395 1144 Quorum
431 1091 594 1132 indoles
628 1104 650 1131 a
685 1090 842 1132 ceteris
873 1089 1000 1141 longe
1040 1089 1180 1130 aliena
1220 1095 1297 1130 est.
1362 1088 1511 1139 Itaque
1550 1100 1645 1129 cum
1678 1087 1771 1128 veri

209 1162 415 1203 dissimile
458 1163 514 1202 sit
561 1174 610 1203 ea
643 1175 695 1203 ex
738 1161 1050 1212 antiquioribus
1095 1160 1412 1201 commentariis
1464 1159 1640 1200 Luciani
1684 1159 1770 1200 illis

209 1234 426 1284 exscripta
458 1245 566 1285 esse,
611 1232 893 1285 probabiliter
926 1231 1086 1273 conicio
1126 1243 1177 1273 ea
1218 1236 1262 1272 at
1304 1230 1537 1284 Cercopum
1580 1229 1771 1272 scholion

209 1305 252 1356 (p
287 1304 357 1357 28)
391 1304 727 1356 Byzantinorum
751 1307 894 1345 aetate
916 1303 960 1343 in
987 1302 1161 1344 Luciani
1184 1302 1317 1344 libros
1340 1302 1579 1353 irrepsisse.
1627 1302 1771 1352 Atque

209 1386 301 1416 cum
334 1375 553 1425 hucusque
585 1387 708 1416 nemo
742 1387 940 1425 umquam
963 1378 1009 1415 ut
1031 1374 1180 1426 opinor
1202 1373 1472 1414 contenderit
1494 1384 1566 1414 eos
1589 1371 1770 1414 comicos

208 1448 370 1498 poetas,
411 1458 587 1497 quorum
625 1446 836 1497 imprimis
879 1445 1126 1486 testimonia
1170 1445 1213 1485 in
1254 1444 1438 1486 medium
1480 1443 1769 1497 proferuntur,

208 1516 351 1557 Photii
383 1521 526 1558 aetate
560 1517 776 1558 lectitatos
810 1528 920 1567 esse,
956 1516 1214 1558 scholiorum
1248 1520 1445 1557 auctores
1479 1515 1563 1567 ipsi
1603 1521 1770 1557 ceteros

208 1599 372 1638 quoque
406 1588 637 1640 scriptores
677 1588 828 1629 allatos
869 1599 953 1628 non
995 1587 1205 1628 adierunt.
1268 1587 1420 1637 ltaque
1460 1587 1567 1628 haec
1609 1587 1769 1628 scholia

206 1670 289 1699 non
322 1671 346 1698 a
383 1659 559 1700 Luciani
592 1659 901 1710 interpretibus
924 1659 1031 1711 ipsis
1059 1658 1305 1710 excogitata
1334 1662 1377 1699 et
1400 1657 1634 1710 composita
1656 1663 1768 1711 sunt,

206 1728 281 1769 sed
329 1741 352 1770 e
399 1729 590 1771 fontibus
639 1730 905 1772 secundariis
939 1735 1232 1771 manaverunt.
1296 1728 1399 1770 Cum
1443 1741 1573 1780 supra
1620 1730 1663 1782 (p
1699 1729 1769 1779 10)

206 1800 463 1841 ostenderim
505 1802 538 1839 V
565 1805 608 1842 et
640 1804 677 1841 Δ
710 1801 922 1853 duplicem
962 1802 1207 1842 memoriam
1241 1800 1496 1842 schellerum
1520 1812 1769 1852 repraesen-

206 1874 298 1911 tare
332 1883 410 1912 ncc
445 1873 482 1910 Γ
522 1872 709 1914 codicem
753 1872 1008 1925 inspexisse,
1052 1876 1196 1914 tamen
1239 1873 1329 1913 veri
1373 1872 1512 1914 simile
1555 1876 1621 1914 est
1662 1872 1767 1914 haec

207 1941 366 1982 scholia
399 1943 539 1984 omnia
573 1956 595 1984 e
628 1944 838 1985 communi
871 1943 990 1984 fonte
1032 1955 1241 1985 manasse.
1304 1945 1367 1984 Ac
1411 1943 1634 1996 probabile
1672 1954 1768 1986 esse

206 2023 357 2054 censeo
405 2026 455 2054 ea
503 2026 555 2056 ex
598 2015 776 2056 Luciani
822 2015 929 2056 libro
977 2027 1088 2056 nunc
1134 2015 1355 2066 deperdito
1400 2015 1617 2066 exscripta
1659 2026 1767 2056 esse.

207 2081 321 2135 Quos
354 2083 493 2125 fontes
526 2086 650 2126 huius
691 2085 906 2137 deperditi
945 2085 1104 2126 codicis
1143 2091 1290 2127 auctor
1328 2085 1600 2137 appetiverit,
1644 2085 1711 2126 his
1745 2097 1768 2127 e

207 2154 379 2195 scholiis
432 2156 599 2197 collatis
653 2168 747 2198 cum
801 2157 1130 2208 Aristophaneis
1176 2157 1413 2208 apparebit.
1488 2156 1632 2198 Primo
1676 2156 1767 2198 loco

206 2225 393 2266 scholion
430 2227 493 2267 F2
516 2228 592 2267 VA
626 2227 720 2268 Tim
754 2225 810 2267 30
842 2225 884 2281 (p
921 2226 1084 2279 114,21)
1125 2228 1377 2279 comparabo
1413 2240 1509 2269 011111
1543 2227 1662 2269 301101
1694 2226 1766 2281 (R)

205 2294 267 2335 Ar
299 2295 417 2347 Vesp
453 2296 565 2337 1007
601 2302 644 2339 et
676 2298 763 2340 Pac
796 2297 893 2339 681.

386 2379 504 2420 301101
536 2380 598 2421 Ar
631 2380 758 2432 Vesp.
1266 2382 1384 2423 schol
1419 2382 1520 2423 Luc.

978 2455 979 2505 Ῑ
1021 2447 1292 2505 ίΙί’7τ«ε’ς)ρὀιῑ.ος
1331 2445 1466 2500 οὗῐος,
1507 2453 1559 2497 ὡς
1587 2445 1766 2505 Ἀνδρο-

978 2512 979 2567 i
1026 2525 1124 2562 τίων
1175 2524 1314 2577 φησίν,
1380 2520 1663 2576 Ἀντιφάνους
1715 2511 1766 2577 ἧν

982 2601 983 2649 j
1025 2593 1294 2647 Περιθοίδης,
1319 2589 1368 2631 ὃν
1386 2593 1457 2633 καὶ
1476 2595 1767 2647 ὠστρακίσθαι

982 2663 983 2683 l

206 2724 446 2784 Ἀνδοκίδης
485 2732 583 2784 ᾳησὶ
630 2734 774 2771 τοίνυν
814 2735 948 2787 ,,περὶ
981 2700 983 2737 ]
1021 2730 1042 2773 ὁ
1098 2734 1141 2774 δὲ
1204 2735 1330 2780 αὐτὸς
1387 2736 1458 2775 καὶ
1512 2735 1766 2786 λυχνοποιὸς

206 2793 469 2851 (Υπερβόλου
512 2800 648 2852 λέγειν
681 2801 946 2854 αἰσχύνομαί·
981 2822 982 2852 l
1021 2794 1072 2859 ἦν
1114 2806 1183 2844 καὶ
1231 2803 1533 2859 ἐλυχνοπώλει,
1581 2807 1635 2852 ὡς
1673 2803 1766 2845 Ἀν-

1020 2663 1089 2704 διὰ
1123 2663 1382 2718 (paulorum.
