1914 3095
697 817 1237 907 Argumentum.

187 970 383 1004 Praefatio.
436 968 566 1004 Studia
580 968 743 1010 Luciani,
772 968 899 1010 quibus
927 969 1149 1011 temporibus
1176 968 1365 1003 floruerint
1383 996 1390 1002 .
1443 995 1450 1002 .
1503 996 1509 1002 .
1560 981 1582 1013 p
1635 972 1723 1004 1—3

186 1030 258 1073 Cap
286 1029 313 1063 Ι.
365 1029 507 1063 Scholia
537 1028 726 1069 Lucianea,
754 1039 824 1071 qua
850 1034 968 1062 aetate
996 1034 1076 1062 orta
1103 1030 1179 1062 sint
1206 1053 1507 1066 ......
1560 1040 1581 1072 p
1632 1032 1746 1062 4—11

186 1089 258 1132 Gap
284 1089 331 1122 II.
384 1089 434 1122 De
454 1088 682 1131 antiquorum
713 1088 1051 1122 commentariorum
1073 1087 1236 1122 fontibus
1257 1088 1508 1132 grammaticis
1558 1099 1579 1131 p
1611 1090 1747 1122 11—36

281 1149 320 1182 A.
359 1148 457 1190 Quae
492 1148 586 1181 l‘ath
619 1147 823 1181 intercedat
856 1148 950 1181 iuter
974 1147 1122 1181 Luciani
1157 1147 1304 1187 scholia,
1327 1147 1509 1186 Photium.

398 1207 557 1249 Sumam,
584 1206 800 1250 Hesychium
848 1232 1507 1244 ............
1559 1218 1580 1250 p
1609 1209 1746 1240 11-14

279 1267 318 1300 B.
362 1267 412 1301 De
427 1266 552 1301 lexicis
567 1265 760 1300 rhetoricis
777 1266 994 1300 scholiorum
1010 1267 1331 1309 grammaticorum
1345 1266 1508 1301 fontibus
1558 1277 1580 1310 p
1608 1267 1745 1299 15-25

469 1337 498 1358 a.
526 1326 624 1368 Quae
649 1325 744 1359 ratio
772 1326 974 1360 intercedat
1012 1327 1105 1360 inter
1132 1326 1282 1360 Luciani
1309 1325 1446 1360 scholia
1473 1330 1509 1360 et

588 1385 741 1419 Lexicon
770 1386 1028 1429 Segueiianum
1057 1385 1107 1419 Vl
1145 1411 1506 1420 .......
1557 1396 1579 1428 p
1608 1385 1745 1417 15—22

541 1459 574 1477 α.
602 1444 654 1478 De
680 1444 829 1479 scholiis
855 1444 1107 1488 grammaticis
1136 1445 1146 1477 Ι
1178 1449 1214 1478 et
1241 1444 1276 1477 II
1304 1444 1429 1478 classis
1501 1470 1506 1477 .
1557 1455 1578 1486 p
1609 1445 1744 1477 15—16

539 1510 567 1548 β.
601 1504 648 1538 De
675 1504 822 1537 scholiis
849 1504 1101 1547 grammaticis
1129 1504 1184 1537 III
1212 1504 1339 1538 classis
1382 1532 1390 1538 .
1441 1530 1446 1536 .
1500 1532 1506 1538 .
1558 1513 1579 1546 p
1609 1505 1649 1536 17

541 1578 572 1608 y.
602 1563 653 1597 De
679 1563 828 1597 scholiis
854 1564 1105 1607 grammaticis
1133 1564 1198 1597 cod
1224 1566 1257 1597 Δ
1322 1588 1329 1595 .
1499 1588 1506 1595 .
1558 1572 1579 1605 p
1609 1562 1744 1594 17—22

469 1623 487 1656 b
526 1623 623 1665 Quae
649 1622 743 1656 ratio
770 1623 973 1656 intercedat
999 1623 1095 1657 inter
1121 1623 1274 1656 Luciani
1301 1621 1440 1656 scholia
1471 1626 1509 1657 et

585 1682 743 1716 Lexicon
771 1682 1031 1725 Seguerianum
1061 1682 1090 1715 V
1143 1706 1504 1716 .......
1556 1692 1578 1724 p
1605 1681 1743 1713 22-25

278 1740 313 1774 C.
357 1741 406 1775 De
432 1738 682 1784 grammaticis
710 1741 872 1784 antiquis
899 1742 1114 1776 scholiorum
1142 1741 1348 1776 auctoribus
1380 1769 1386 1775 .
1439 1766 1446 1774 .
1499 1768 1505 1774 .
1555 1751 1577 1783 p
1604 1740 1743 1772 25-36

467 1811 495 1833 a,
525 1800 616 1843 Quid
642 1801 870 1844 Diogeniano
897 1801 1071 1835 debeatur
1144 1825 1505 1834 .......
1556 1810 1577 1842 p
1604 1799 1744 1832 25—26

467 1860 497 1894 b.
525 1860 577 1894 De
605 1860 749 1894 Polluce
777 1861 992 1895 scholiorum
1020 1865 1167 1895 auctore
1203 1884 1505 1894 ......
1556 1869 1578 1902 p
1605 1860 1648 1890 26

469 1930 497 1952 c.
530 1919 582 1953 De
608 1920 710 1954 Aelio
740 1920 914 1962 Dionysio
941 1924 978 1954 et
1005 1920 1189 1954 Pausania
1260 1945 1503 1955 .....
1554 1929 1576 1961 p
1602 1918 1742 1950 26—232

538 1993 569 2012 (ι.
599 1978 691 2021 Quid
718 1979 774 2013 his
801 1984 900 2014 certo
928 1979 1046 2013 addici
1073 1980 1188 2022 possit
1198 2003 1502 2021 ......
1553 1988 1574 2021 p
1601 1978 1738 2010 26—27

537 2044 565 2083 β.
600 2038 790 2072 Αῖῑίοίεῑὶε
817 2049 907 2080 quae
926 2039 1017 2073 falso
1039 2039 1250 2072 adiudicata
1271 2039 1348 2072 sint
1379 2063 1385 2070 .
1497 2065 1503 2071 .
1553 2048 1575 2080 p
1602 2037 1741 2070 27-32

465 2097 498 2130 d.
530 2097 578 2132 De
605 2097 804 2132 enchiridio
831 2098 1070 2141 grammatico
1099 2097 1378 2131 scholiastarum
1405 2096 1506 2131 fonte
1554 2107 1575 2138 p
1603 2096 1741 2128 32—33

469 2167 497 2191 e.
526 2156 577 2191 De
604 2157 847 2200 Aristophane
874 2156 1052 2200 Byzantio
1080 2156 1205 2190 scholii
1234 2160 1381 2190 auctore
1438 2184 1444 2189 .
1497 2181 1503 2187 .
1554 2166 1576 2198 p
1602 2154 1740 2187 33-35

474 2216 498 2249 f.
525 2216 578 2250 De
603 2216 758 2257 Didymo
785 2215 998 2250 scholiorum
1027 2221 1175 2250 auctore
1201 2241 1503 2250 ......
1554 2225 1576 2258 p
1602 2214 1742 2246 35-36

181 2274 253 2317 Cap
278 2275 346 2309 ΙΙΙ.
398 2276 450 2310 De
476 2275 624 2309 scholiis
651 2276 926 2319 mythographis
957 2300 1497 2309 ..........
1550 2285 1571 2317 p
1600 2274 1735 2307 37—51

274 2335 317 2366 A.
360 2334 410 2368 De
437 2334 654 2369 scholiorum
682 2335 1026 2378 mythographorum
1054 2338 1187 2369 natura
1214 2338 1249 2368 et
1277 2334 1397 2368 indole
1435 2360 1443 2368 .
1495 2360 1502 2367 .
1553 2344 1575 2376 p
1601 2334 1645 2366 37

275 2393 315 2426 B.
355 2394 488 2428 Fontes
515 2394 664 2428 scholiis
691 2394 883 2436 subscripti
912 2393 1040 2436 quanti
1067 2393 1142 2428 sint
1200 2419 1502 2427 ......
1552 2403 1574 2436 p
1601 2392 1740 2426 37-39

282 2452 317 2485 C.
357 2452 532 2487 Doctrina
558 2453 739 2496 exquisita
765 2464 805 2487 ac
833 2453 971 2488 selecta
1020 2479 1501 2488 .........
1553 2462 1574 2496 p
1600 2452 1739 2484 39-45

275 2511 316 2544 D.
358 2511 454 2553 Quae
472 2513 567 2546 ratio
587 2512 791 2546 intercedat
818 2512 912 2547 inter
930 2513 1082 2547 Luciani
1110 2513 1327 2556 interpretes
1353 2522 1394 2546 ac
1411 2511 1502 2545 Pau—

395 2570 534 2605 saniam
606 2596 1501 2606 ................
1551 2581 1573 2614 p
1599 2570 1740 2603 45-49

275 2628 314 2661 E.
356 2628 407 2663 De
434 2629 552 2663 indice
579 2630 844 2673 mythographo
902 2656 1500 2665 ...........
1551 2640 1573 2672 p
1598 2630 1736 2662 49—51

180 2686 252 2729 Cap
279 2687 342 2721 IV.
394 2689 448 2722 De
474 2690 743 2731 proverbiorum
771 2689 1139 2733 interpretationibus
1195 2715 1500 2725 ......
1551 2700 1573 2732 p
1600 2689 1738 2721 52—53

180 2746 252 2789 Cap
279 2746 321 2780 V.
373 2746 574 2781 Illustrium
602 2748 761 2782 virorum
788 2750 1063 2784 Atheniensium
1091 2749 1201 2791 vitae,
1227 2749 1321 2782 unde
1352 2749 1504 2782 haustae

324 2805 399 2839 sint
428 2831 1498 2844 ...................
1549 2817 1571 2850 p
1599 2808 1735 2840 54-61
