1914 3095
774 217 1068 258 -45—

111 338 317 396 *menide
350 350 376 389 p
410 335 465 377 53
499 338 551 387 n).
627 336 826 387 Sequitur
868 334 1039 376 Suidam
1087 340 1130 376 ut
1175 347 1243 376 res
1288 335 1593 386 grammaticas
1638 335 1697 375 ita

147 409 314 450 fabulas
362 420 414 448 ex
453 407 613 449 eisdem
647 406 912 448 similibusve
959 405 1149 446 fontibus
1196 406 1391 447 hausisse
1440 417 1488 446 ac
1518 405 1698 446 Luciani

148 479 411 520 scholiastas.

267 561 530 602 Scholiastae
573 560 732 598 FCVA
777 558 873 600 Gall
919 556 971 598 i9
1015 560 1056 609 (p
1099 557 1220 610 929)
1263 562 1409 599 contra
1454 558 1697 599 memoriam

147 632 383 673 fabularem
415 638 592 672 narrant
623 630 845 681 Tiresiam,
880 628 989 680 quod
1023 628 1262 670 Minervam
1284 629 1325 668 in
1350 629 1520 669 lavacro
1542 627 1699 668 nudam

149 702 341 754 vidisset,
385 715 409 742 a
442 701 521 742 dea
552 702 661 742 irata
692 700 735 741 in
769 699 967 741 feminam
1015 698 1363 751 transfiguratum
1409 711 1514 740 esse.
1586 698 1699 739 Fieri

149 778 303 825 potest,
349 776 395 813 ut
438 771 693 813 scholiastae
735 771 845 811 hanc
886 770 1057 811 fabulae
1099 769 1274 811 formam
1315 783 1337 810 c
1371 770 1488 811 fonte
1521 771 1700 810 obscuro

149 844 190 884 in
225 843 399 884 Luciani
435 843 688 883 scholiorum
722 841 961 887 congeriem
999 841 1256 891 exceperint.
1309 840 1391 882 Sed
1427 840 1480 887 ei,
1514 840 1582 891 qui
1607 852 1699 881 con-

149 914 289 955 tendit-
319 913 572 954 scholiastas
605 913 749 953 fabula
782 911 980 953 Caenidis
1014 912 1249 963 propinqua
1285 911 1553 962 perturbatos
1576 911 1701 951 huius

150 985 427 1026 mutationem
460 996 587 1025 sexus
620 983 661 1023 in
695 983 902 1024 Tiresiam
938 981 1226 1033 transtulisse,
1261 981 1481 1023 adversari
1505 993 1585 1023 non
1610 993 1702 1032 pos-

151 1068 254 1096 sum.
317 1054 399 1096 Sed
434 1054 527 1105 quis
561 1057 640 1105 est,
675 1055 743 1104 qui
777 1054 855 1094 hoc
888 1057 1003 1093 certo
1037 1051 1277 1104 disceptet?

269 1138 334 1178 De
378 1136 571 1177 Latonae
618 1139 742 1187 partu
785 1136 1040 1177 scholiastae
1079 1136 1238 1174 BOVQ
1280 1134 1376 1176 Dial
1410 1147 1500 1176 mar
1531 1135 1597 1176 IX
1627 1133 1702 1188 (X)

152 1208 172 1247 1
209 1206 252 1260 (p
287 1206 385 1258 267,
401 1208 437 1256 8)
471 1207 597 1247 aliam
631 1206 800 1247 fabulae
835 1207 1009 1246 formam
1044 1205 1315 1247 tradiderunt
1359 1218 1408 1246 ac
1447 1206 1703 1247 scholiastae

150 1278 293 1330 ΕΟΒφ
306 1279 379 1317 ΠΩ
411 1277 523 1326 (vide
556 1289 684 1328 supra
716 1290 742 1328 p
776 1276 859 1329 37).
924 1277 1129 1317 Latonam
1154 1277 1380 1328 gravidam
1402 1281 1534 1318 totum
1559 1277 1704 1317 orbem

150 1352 443 1401 pererrantem
488 1360 570 1389 non
615 1348 872 1399 repperisse,
918 1348 988 1388 ubi
1034 1347 1145 1387 fetus
1189 1348 1351 1399 ederet,
1397 1347 1507 1398 quod
1552 1352 1704 1388 cuncta

149 1426 267 1462 terra
299 1432 323 1460 a
355 1419 525 1460 Junone
558 1419 650 1459 iure
683 1418 859 1459 iurando
893 1418 1099 1459 obstricta
1133 1422 1389 1469 recusasset,
1430 1430 1483 1459 ne
1516 1430 1607 1458 eam
1641 1430 1705 1458 re-

151 1492 325 1543 ciperet.
391 1490 620 1530 Praeterea
662 1493 802 1530 autem
846 1489 957 1529 hanc
1003 1488 1227 1529 draconem
1273 1488 1467 1530 emisisse
1516 1489 1705 1529 infantes

150 1561 426 1613 perditurum.
478 1561 537 1601 Ac
570 1560 725 1601 Delum
759 1559 941 1600 insulam
974 1563 1102 1600 antea
1134 1572 1225 1600 cum
1250 1559 1395 1600 Sicilia
1423 1560 1703 1610 coniunctam,

151 1637 239 1673 tum
272 1633 325 1677 ab
358 1632 438 1672 hac
470 1631 678 1672 divulsam
713 1631 791 1672 sub
825 1642 988 1671 summa
1022 1643 1132 1681 aqua
1153 1634 1373 1671 natantem
1398 1631 1705 1682 parturientem

152 1703 386 1755 excepisse.
450 1702 689 1753 Apollinem
725 1701 797 1742 vix
840 1710 984 1742 natum
1030 1701 1255 1742 draconem
1304 1701 1482 1753 Delphis
1532 1701 1705 1749 sagittis

152 1786 343 1824 necasse,
379 1773 449 1814 ubi
482 1776 636 1825 postea
669 1772 885 1813 oraculum
917 1771 1189 1813 condidisset.

272 1856 393 1897 Hanc
434 1855 604 1897 fabulae
647 1855 826 1896 formam
873 1868 1010 1906 neque
1051 1859 1198 1896 auctor
1236 1855 1378 1906 hymni
1416 1854 1629 1896 Homerici
1664 1855 1705 1895 in

153 1928 393 1978 Apollinem
427 1927 577 1978 scripti
610 1938 748 1977 neque
772 1926 1057 1967 Callimachus
1076 1926 1289 1976 cognovit,
1309 1925 1383 1966 sed
1400 1925 1510 1976 apud
1533 1925 1706 1967 serioris

155 1998 311 2040 aetatis
335 1997 671 2050 mythographos
698 1998 891 2050 emergit.
938 1997 1177 2038 Draconem
1203 1996 1411 2037 Latonam
1437 1999 1707 2047 persecutum

153 2081 249 2111 esse
282 2069 496 2110 Lucianus
530 2068 620 2119 ipse
653 2069 783 2120 novit,
831 2080 1083 2118 quamquam
1116 2067 1300 2119 perspici
1335 2067 1495 2119 nequit,
1542 2079 1624 2118 qua
1656 2067 1708 2108 de

154 2152 282 2181 causa
315 2151 408 2181 eam
442 2142 693 2190 persecutus
727 2139 785 2180 sit
823 2138 926 2191 (dial
960 2151 1052 2179 mar
1086 2138 1149 2179 IX
1181 2136 1255 2191 (X)
1289 2138 1330 2179 cf
1363 2138 1462 2189 Hyg
1494 2137 1511 2178 f
1543 2137 1611 2190 53,
1626 2137 1709 2178 140

155 2210 279 2252 West
314 2210 432 2258 Myth
469 2223 492 2261 p
527 2209 702 2262 376‚33).
756 2209 879 2250 Hunc
912 2222 1004 2250 eam
1027 2209 1198 2250 «lunone
1232 2213 1404 2249 auctore
1438 2213 1709 2259 persecutum

156 2293 251 2323 esse
286 2280 460 2321 Servius
493 2281 535 2321 in
560 2280 677 2332 Verg
711 2281 803 2322 Aen
836 2280 902 2321 ΙΙΙ
936 2291 979 2321 73
1013 2280 1175 2332 primus
1210 2279 1349 2321 tradit.

275 2362 537 2416 Quamquam
583 2363 841 2404 scholiastae
890 2375 961 2404 eas
1008 2366 1153 2415 partes
1201 2362 1385 2413 fabulae,
1435 2374 1540 2412 quas
1583 2368 1626 2403 et
1667 2363 1709 2402 in

156 2434 316 2476 scholio
351 2438 393 2475 et
425 2434 468 2475 in
502 2434 647 2475 libello
681 2434 902 2485 scriptoris
934 2434 1131 2486 legimus,
1172 2433 1371 2484 scriptori
1412 2433 1494 2484 ipsi
1526 2433 1709 2474 mutuari

158 2509 398 2557 potuerunt,
433 2511 574 2546 tamen
610 2504 856 2546 credibilius
890 2516 985 2545 esse
1019 2504 1188 2545 videtur
1221 2516 1293 2544 eas
1327 2516 1379 2545 ex
1412 2504 1559 2545 eodem
1592 2504 1710 2545 fonte

155 2575 341 2617 fluxisse.
406 2574 488 2617 Sed
523 2576 604 2616 hac
637 2575 689 2616 de
722 2588 768 2617 re
800 2588 826 2627 p
860 2574 912 2615 51
949 2588 1084 2627 again.

275 2671 372 2712 Jam
407 2675 624 2711 transeam
657 2670 707 2710 ad
743 2669 823 2709 duo
856 2669 1029 2712 scholia.
1073 2669 1113 2708 in
1150 2680 1257 2719 quae
1296 2669 1432 2710 eidem
1466 2670 1607 2710 fontes
1640 2671 1709 2720 qui

158 2743 200 2782 in
237 2741 490 2783 Pausaniam
524 2745 639 2782 certo
672 2740 979 2781 confluxerunt.
1049 2743 1110 2780 Ac
1143 2739 1324 2791 primum
1358 2740 1528 2791 quidem
1561 2740 1711 2781 scholii

160 2812 227 2850 ΓΟ
242 2810 401 2852 ΡὈΩΔ
432 2812 514 2853 Jov
548 2817 646 2862 trag·
680 2809 732 2848 21
768 2813 808 2861 (p
843 2809 974 2861 cana)
1008 2822 1100 2851 cum
1133 2809 1246 2850 Paus
1268 2810 1288 2850 Ι
1322 2810 1415 2861 39β
1448 2811 1711 2862 comparabo.
