1914 3095
986 207 1040 246 :325
1104 229 1158 237 —-

234 330 375 371 fontes
428 328 681 379 imlagaturo
734 332 932 378 quattuor
985 327 1238 368 scholiorum
1289 327 1632 379 subscriptiones
1680 328 1794 371 viam

236 404 484 441 monstrant.
547 397 628 439 Scri
664 403 787 439 caute
820 397 886 437 his
919 397 1098 439 ducibus
1132 403 1310 438 utamur.

352 472 469 522 Quae
502 469 759 510 scholiastae
794 469 901 506 Echi
928 469 1071 520 VqsL'Q
1113 468 1165 508 ad
1206 468 1397 509 libellum
1438 468 1490 510 de
1529 468 1622 511 Salt
1660 469 1715 510 38
1748 468 1792 523 (p

241 540 398 590 188,14)
431 539 482 580 (lc
515 540 609 580 Deli
647 540 810 580 insulae
844 551 987 579 errore
1021 544 1065 580 et
1098 540 1150 580 ‹le
1183 539 1377 581 Latonae
1413 544 1537 590 partu
1574 540 1792 590 adnotant,

234 611 395 652 cunctis
439 611 697 651 testantibus
740 622 762 651 e
806 610 1054 651 Callimachi
1096 610 1253 662 hymno
1305 607 1381 665 [lv
1415 622 1458 653 35
1502 608 1594 666 eqs]
1637 612 1794 654 hausta

234 685 342 721 sunt.
411 681 469 721 lCa
513 686 652 722 autem
698 693 805 731 quae
849 681 1109 721 scholiastae
1142 681 1217 719 BC
1231 682 1297 720 Vs?
1329 681 1416 722 dial
1450 694 1541 723 mar
1572 681 1637 723 IX
1669 679 1743 735 (X)
1774 695 1790 726 ι

233 753 274 803 (p
309 750 457 806 2625)
491 754 542 793 (1(ι
576 752 734 793 eisdem
770 753 897 792 rebus
932 751 1166 803 ascribunt,
1207 764 1229 793 e
1269 753 1443 794 serioris
1477 754 1634 795 aetatis
1668 753 1791 795 fonti-

233 824 310 863 bus
343 824 596 866 confluxisse
631 836 655 874 p
690 821 745 861 45
778 823 1011 864 ostendam.

350 895 614 936 Sch‘oliastac
659 894 698 932 Γ
714 894 864 945 ῙῑφΩΛ
908 893 1073 934 Icarom
1119 892 1173 932 23
1218 892 1260 945 (p
1305 892 1471 947 loa-26)
1517 895 1621 937 mire
1665 908 1791 948 expo-

232 971 348 1017 nunt,
396 966 600 1017 quomodo
641 965 784 1005 fabula
825 965 877 1005 (le
916 968 996 1005 (lto
1047 974 1089 1006 ct
1128 964 1329 1016 Ephialte
1375 966 1671 1019 intellegenda
1722 967 1791 1009 sit.

231 1036 320 1077 Hos
356 1037 628 1089 philosophos
662 1036 893 1077 Thessalos
928 1037 1085 1087 primos
1109 1036 1374 1087 periclitatos
1398 1037 1628 1090 inquirere,
1662 1050 1791 1089 quan-

231 1114 319 1148 tum
353 1108 409 1148 sit
441 1107 714 1149 intervallum
748 1107 861 1147 inter
893 1107 1035 1147 lunam
1076 1112 1335 1160 terramque,
1377 1108 1507 1149 solem
1548 1108 1789 1162 lunamque,

232 1179 285 1220 sle
328 1179 449 1231 Ossa,
497 1179 624 1230 Pelio,
671 1178 850 1230 Olympo
894 1178 976 1217 alio
1006 1190 1136 1229 super
1178 1178 1307 1219 alium
1332 1179 1566 1221 exstructis
1600 1179 1790 1223 deiectos

230 1262 336 1291 esse.
407 1249 646 1290 Scholiasta
678 1252 716 1289 A
749 1253 862 1290 teste
896 1249 1030 1290 Demo
1064 1249 1174 1290 hanc
1217 1250 1468 1302 allegoriam
1515 1251 1790 1303 excogitavit.

232 1320 342 1362 Sane
375 1321 426 1361 de
459 1321 539 1361 hac
566 1319 727 1361 femina
751 1320 875 1361 docta
898 1320 1068 1362 Usener
1089 1321 1132 1361 in
1157 1321 1253 1363 Mus
1275 1321 1400 1363 Rhen
1423 1321 1620 1363 XXVIII
1641 1320 1789 1377 (1873)

232 1406 258 1444 p
292 1391 375 1431 414
409 1397 451 1433 et
483 1390 693 1433 Ludwich
725 1391 768 1432 in
802 1391 1023 1433 chtschr.
1056 1391 1083 1432 f.
1120 1391 1404 1434 Friedlander
1436 1405 1462 1445 p
1487 1391 1572 1433 296
1595 1405 1670 1445 eqs
1694 1406 1790 1436 con-

231 1463 361 1504 trarie
394 1462 704 1504 iudicaverunt.
767 1462 873 1503 Nam
907 1475 1003 1503 cum
1035 1462 1110 1504 ille
1145 1463 1401 1516 sumpsisset
1434 1476 1484 1506 ea
1516 1477 1652 1517 pauca
1674 1464 1789 1518 frag-

232 1538 387 1586 menta,
427 1545 534 1584 quae
572 1534 734 1574 Demus
773 1533 943 1575 nomine
985 1533 1215 1587 ferrentur,
1256 1535 1403 1586 quinto
1436 1536 1528 1578 fere
1560 1536 1732 1579 saeculo
1765 1549 1790 1578 a

231 1605 402 1645 falsario
441 1604 621 1655 quodam
665 1604 850 1646 feminae
891 1606 1235 1656 praeclarissimo
1274 1607 1443 1648 nomine
1482 1612 1659 1649 ornatae
1691 1608 1789 1649 sub·

231 1675 319 1716 (lita
352 1688 459 1727 esse,
493 1675 563 1716 hic
595 1676 728 1716 firmis
762 1680 807 1716 ut
840 1677 989 1727 opinor
1014 1677 1279 1730 argumentis
1312 1690 1338 1729 p
1363 1677 1448 1719 315
1471 1679 1672 1730 probavit
1694 1691 1788 1721 eam

228 1759 275 1786 re
307 1758 409 1787 vcra
441 1747 519 1787 sub
553 1739 679 1788 finem
713 1747 750 1787 V
783 1747 943 1789 saeculi
976 1748 1148 1790 vixisse.
1186 1750 1338 1790 Verum
1361 1754 1457 1790 utut
1478 1762 1548 1791 res
1572 1762 1619 1791 se
1640 1750 1786 1802 habet,

229 1829 320 1857 cum
355 1817 393 1858 ei
426 1818 730 1869 commentarii,
766 1832 787 1858 e
822 1819 975 1869 quibus
1010 1823 1157 1860 nostra
1191 1819 1372 1861 Luciani
1405 1821 1567 1862 scholia
1595 1820 1788 1872 profecta

227 1892 338 1930 sunt.
373 1888 520 1929 eade-m
554 1890 645 1930 fere
679 1895 822 1931 aetate
856 1891 937 1931 orti
971 1891 1070 1938 sint,
1105 1903 1246 1932 eorum
1277 1896 1472 1933 auctores
1495 1891 1575 1933 hoc
1598 1892 1788 1934 scholion

229 1970 281 1999 ex
316 1959 472 2000 Demus
504 1960 576 2001 illo
611 1960 718 2001 libro
751 1961 973 2012 excepisse
1008 1962 1145 2003 credo.

345 2029 409 2069 Ad
459 2029 558 2071 Gall
608 2030 661 2070 19
710 2035 751 2082 (p
794 2030 930 2085 92,rss)
974 2033 1016 2073 in
1069 2033 1224 2085 ῙῙφΩΔ
1266 2034 1373 2074 haec
1418 2033 1636 2085 adscripta
1669 2041 1785 2076 sunt:

229 2098 392 2149 Ze'yezat
436 2101 508 2139 τὸν
540 2102 705 2141 Καινέα
740 2098 784 2140 ἐκ
817 2102 1013 2152 γυναικὸς
1046 2101 1106 2148 (ῖς
1139 2103 1271 2155 ἄνδρα
1303 2103 1683 2156 μεταβαλλόμενον
1714 2105 1787 2145 καὶ

228 2174 526 2220 γενναιόιαῑον
558 2174 772 2225 γενέσθαι,
808 2173 894 2213 ὑπὸ
917 2175 1178 2226 Κενταύρων
1211 2188 1254 2225 γε
1286 2172 1372 2230 μὴν
1405 2174 1584 2215 ὀλέσθαι
1617 2171 1787 2222 ἐλάταις

230 2238 487 2290 dionius-ror.
531 2242 649 2284 addit
681 2247 734 2284 A:
781 2239 834 2288 ὥς
865 2255 994 2297 φησιν
1028 2241 1314 2291 Ἀπολλώνιος
1354 2242 1400 2285 ἐν
1427 2243 1784 2299 Ἀργοναυτικοῖς.

227 2312 365 2353 Huius
418 2314 588 2355 fabulae
641 2321 789 2356 auctor
835 2315 1027 2357 Rhodius
1075 2329 1156 2357 non
1205 2323 1282 2359 est.
1346 2317 1503 2359 Narrat
1541 2318 1656 2359 enim
1686 2317 1709 2359 I
1741 2329 1784 2361 59

230 2382 453 2435 Caeneum,
495 2397 575 2435 quo
610 2385 799 2426 (loronus
831 2399 914 2428 non
948 2388 1098 2429 melior
1130 2388 1297 2440 fuisset,
1339 2402 1363 2429 a
1395 2389 1622 2431 Centauris
1654 2389 1784 2440 lignis

229 2453 363 2502 pincis
407 2466 654 2497 concussum
698 2458 776 2498 sul)
822 2460 980 2499 terram
1026 2460 1294 2500 submersum
1335 2472 1443 2502 esse.
1505 2459 1657 2511 Itaque
1689 2472 1784 2502 cum

228 2524 477 2574 Apollonius
522 2527 573 2567 de
619 2528 819 2569 Caenidis
863 2529 1098 2571 mutatione
1141 2542 1269 2572 sexus
1312 2531 1506 2583 reticeat,
1550 2531 1782 2584 quaeritur,

228 2595 339 2635 unde
356 2595 806 2649 Lucianiinterpretes
830 2600 921 2640 eius
944 2600 1139 2641 notitiam
1162 2601 1398 2642 hauserint.
1433 2601 1542 2655 Quia
1565 2602 1784 2654 Apollonii

228 2665 483 2708 scholiastae
518 2674 691 2718 praeter
723 2670 830 2711 alias
864 2671 974 2712 hanc
998 2683 1164 2722 quoquc
1190 2676 1358 2723 partem
1390 2672 1562 2714 fabulae
1595 2672 1660 2713 illi
1689 2672 1782 2714 loco

229 2736 531 2789 ascripserunt,
546 2739 735 2781 scholion
748 2741 1009 2783 Lucianeum
1026 2742 1079 2783 ad
1098 2742 1290 2784 scholion
1301 2743 1519 2795 Apollonii
1531 2743 1687 2785 Rhodii
1712 2743 1783 2785 vel

228 2805 485 2848 adsimilem
518 2808 680 2851 fontem
713 2812 835 2852 redit.
889 2812 955 2853 De
989 2813 1124 2854 altero
1152 2812 1310 2856 Caenei
1342 2813 1619 2866 scholiop41
1642 2825 1780 2866 agam.
