1914 3095
805 267 1098 308 „51-

174 384 324 426 scholii
370 385 414 424 in
459 384 653 425 omnibus
698 385 913 427 codicibus
956 386 1040 427 Jov
1084 390 1180 435 trag
1229 383 1280 423 21
1335 385 1511 437 ascripti
1564 387 1728 434 partem

174 455 352 496 alteram
386 453 438 495 ad
470 454 589 494 illum
626 454 710 495 Ver
743 455 854 505 Hist‚
896 456 1071 496 alteram
1107 455 1158 496 ad
1198 456 1309 497 hunc
1339 455 1425 497 Jov
1456 460 1555 507 trag
1591 455 1728 495 locum

175 537 348 577 prorsus
382 537 434 566 ex
466 524 600 575 ipsius
634 526 811 566 arbitrio
844 527 1077 567 collocavit.
1131 525 1327 579 (Luciani
1361 538 1504 577 opera,
1528 524 1601 572 IV,
1627 522 1724 575 131,

176 594 288 645 178).
357 595 507 646 Itaque
551 595 903 636 verisimillimum
967 602 1030 638 est
1085 597 1338 638 scholiastas
1391 608 1484 637 cum
1537 594 1726 636 scholion

173 670 474 717 componentes
513 665 749 706 Lucianum
788 666 868 716 ipsi
909 679 989 707 non
1034 667 1169 707 secuti
1209 667 1308 719 sint,
1354 666 1490 708 isdem
1533 664 1724 706 fontibus

173 741 300 787 atque
321 737 434 777 hunc
457 748 554 777 usos
579 748 684 778 esse.
719 736 822 776 Nam
847 737 958 788 quid,
984 737 1092 788 quod
1116 737 1256 779 fontes
1280 737 1534 779 scholiorum
1556 735 1724 787 mytho-

171 807 431 860 graphorum
471 807 553 847 iam
596 810 696 847 ante
736 807 1006 859 Pausaniam,
1050 808 1226 849 Luciani
1271 807 1504 858 aequalem,
1549 805 1724 847 fluxisse

173 878 508 919 demonstratum
543 881 610 918 est
649 876 693 929 (p
727 876 830 921 47i?
902 877 935 917 F]
970 878 1118 919 scholii
1152 878 1292 919 indole
1326 877 1568 919 Wellmann
1608 888 1635 927 p
1670 874 1724 915 79

171 950 277 990 scite
310 949 510 1000 cognovit
542 948 731 989 scholion
764 953 898 988 totum
932 961 983 989 ex
1017 948 1251 989 enchiridio
1284 948 1469 990 fabulari
1509 950 1722 998 sumptum

171 1031 278 1061 esse.
340 1019 447 1060 Nam
480 1031 557 1060 usu
591 1019 758 1059 dicendi
793 1018 984 1059 firmatur
1017 1019 1206 1059 scholion
1239 1020 1292 1059 ab
1314 1030 1396 1059 uno
1420 1021 1592 1059 auctore
1615 1028 1723 1058 com-

171 1090 357 1142 positum
396 1101 501 1130 esse.
566 1089 823 1140 Compendia
856 1089 1167 1141 mythographa
1199 1101 1252 1131 ex
1283 1089 1302 1129 I
1335 1088 1463 1130 aChr
1494 1101 1519 1128 n
1553 1087 1722 1128 saeculo

168 1161 212 1202 in
245 1173 323 1202 usu
356 1160 491 1202 fuisse
526 1160 663 1202 Bethe
695 1160 736 1200 in
772 1159 932 1212 Quaest
966 1160 1074 1201 Diod
1113 1160 1225 1211 Myth
1262 1173 1287 1211 p
1321 1158 1376 1198 94
1410 1159 1551 1201 evicit.
1601 1158 1722 1199 Luci-

169 1232 240 1272 ani
272 1236 415 1273 autem
447 1230 637 1272 scholion
671 1243 723 1272 ex
744 1230 884 1271 indice
905 1230 1087 1271 fabulari
1111 1231 1312 1282 manavit,
1335 1230 1378 1270 in
1405 1241 1528 1280 quem
1551 1228 1721 1269 fabulae

169 1301 401 1344 secundum
433 1302 609 1343 heroum
642 1313 780 1342 mores
814 1306 857 1341 et
889 1300 1004 1342 facta
1037 1301 1268 1352 dispositae
1292 1304 1520 1352 congestae
1543 1298 1720 1351 erantl)

169 1373 321 1414 Partes
354 1372 396 1413 id
428 1384 563 1424 genus
598 1372 751 1414 indicis
785 1372 1033 1413 Athenaeus
1065 1371 1176 1411 XIII
1209 1369 1296 1411 560
1328 1371 1415 1422 b-f‚
1462 1370 1658 1422 Hyginus
1691 1368 1718 1409 f.

168 1442 254 1484 270
286 1455 374 1495 eqs‚
412 1442 727 1485 Westermanni
764 1443 1100 1495 Mythographus
1129 1455 1152 1493 p
1177 1441 1261 1482 345
1284 1454 1359 1493 eqs
1384 1440 1566 1492 posteris
1588 1439 1720 1481 tradi-

167 1515 332 1556 derunt.
395 1514 506 1556 Sane
544 1514 636 1555 iure
677 1514 846 1555 miraris
888 1513 930 1553 in
974 1513 1084 1554 hunc
1131 1513 1313 1553 indicem
1361 1510 1718 1563 mythographum

166 1586 386 1627 Phalarim
418 1590 647 1637 tyrannum
680 1585 919 1636 irrepsisse.
984 1583 1064 1624 Sed
1101 1583 1213 1633 quid,
1254 1582 1363 1633 quod
1398 1581 1717 1623 Westermanni

166 1656 506 1709 Mythographus
540 1668 566 1707 p
601 1654 686 1694 346
718 1649 1006 1707 (VssAoessm)
1038 1659 1242 1705 tyrannos
1266 1658 1309 1694 et
1330 1653 1497 1704 heroes,
1530 1650 1717 1693 Graecos

168 1732 213 1769 et
244 1727 456 1768 Romanos
490 1725 741 1779 congessit?
774 1725 858 1766 Eos
892 1725 1044 1773 fontes,
1085 1736 1107 1765 e
1143 1725 1293 1774 quibus
1316 1722 1546 1775 Cercyonis
1578 1720 1621 1773 (p
1644 1720 1717 1769 46)

164 1797 311 1839 fabula
332 1797 534 1850 manavit,
570 1797 826 1839 scholiastas
850 1808 929 1836 non
954 1796 1082 1846 ipsos,
1116 1794 1189 1835 sed
1208 1795 1331 1835 huius
1350 1793 1503 1834 indicis
1521 1797 1716 1834 auctores

165 1868 428 1920 appetivisse
461 1881 538 1910 sua
571 1874 722 1920 sponte
757 1871 945 1918 apparet.
999 1868 1061 1906 Ac
1084 1870 1307 1916 postquam
1340 1864 1511 1914 saepius
1534 1862 1714 1915 ostendi,

165 1951 289 1990 quam
312 1939 486 1980 remotis
510 1952 532 1981 e
550 1938 739 1980 fontibus
755 1937 1009 1978 scholiorum
1024 1934 1432 1976 (loctriuafabularis
1449 1933 1713 1985 profluxerit,

165 2022 494 2052 commemorare
532 2021 688 2061 operae
727 2008 907 2060 pretium
949 2011 1015 2047 est
1053 2006 1163 2046 hanc
1207 2004 1418 2046 Busiridis
1461 2004 1649 2046 fabulam
1691 2016 1716 2045 a

163 2080 389 2132 Polycrate
421 2081 614 2131 sophista
648 2079 932 2131 excogitatam
967 2089 1061 2118 esse
1094 2076 1227 2117 ‹Isocr
1258 2087 1305 2116 or
1335 2074 1402 2116 XI
1435 2072 1488 2127 5).

283 2197 308 2238 ¹)
336 2196 408 2230 Eae
433 2195 589 2235 fabulae,
618 2205 705 2237 quas
733 2194 865 2227 codicis
893 2192 1105 2226 Barocciani
1140 2192 1259 2224 scriba
1291 2190 1487 2233 congessit,
1521 2189 1712 2223 maximam

162 2258 300 2297 partem
329 2255 373 2289 ad
399 2254 504 2288 huius
533 2254 659 2288 scholii
687 2252 826 2286 fabulas
853 2251 1040 2285 accedunt.
1092 2249 1361 2293 Superscriptae
1394 2252 1478 2282 sunt
1505 2250 1586 2294 περὶ
1614 2253 1714 2295 θερι-

162 2315 264 2348 ωδιῦν
290 2312 505 2359 ἀνθρώπων.
559 2313 654 2346 Haec
682 2310 949 2353 superscriptio,
977 2319 1191 2351 quamquam
1218 2318 1330 2350 prava
1357 2313 1422 2349 est,
1450 2311 1571 2341 tamen
1597 2307 1714 2349 docet,

162 2383 233 2415 qua
258 2372 398 2407 ratione
432 2372 541 2406 etiam
576 2371 674 2404 illius
711 2369 840 2402 indicis
873 2373 997 2402 auctor
1032 2367 1172 2402 fabulas
1205 2366 1428 2401 ordinaverit
1455 2365 1713 2400 verisimiliter.
