1914 3095
862 464 1025 516 (¹aput
1064 464 1133 505 IV.

414 589 487 639 De
527 583 958 650 proverbiorum
1001 581 1583 645 interpretationibus.

337 707 439 748 Cum
474 705 690 746 Lucianus
723 702 895 753 scriptis
928 702 1015 742 suis
1051 700 1182 741 multa
1225 701 1450 752 proverbia
1489 699 1784 752 immiscuerit,

218 780 343 820 huius
376 778 635 828 interpretes
669 775 730 816 eis
764 772 1030 825 explicandis
1063 772 1192 813 enixe
1234 784 1405 823 operam
1449 772 1669 813 dederunt.
1732 771 1782 812 In

219 849 364 891 codice
397 846 521 895 A-ad
555 846 734 888 Hermot
767 844 818 884 71
860 844 990 895 longa
1023 842 1252 894 explicatio
1288 843 1501 893 proverbii
1545 839 1648 882 ὄνου
1687 837 1782 882 σκιὰ

220 920 407 970 ascripta
440 922 506 960 est
539 916 583 970 (p
619 916 773 968 245‚1)‚
812 926 920 966 quae
953 913 1170 955 artissimo
1205 913 1472 963 cognationis
1495 913 1668 956 vinculo
1689 925 1783 956 cum

220 990 381 1033 scholio
413 988 481 1030 RS
507 988 614 1029 Plat.
650 986 819 1028 Phaedr
851 999 877 1038 p
912 982 997 1025 260
1030 987 1060 1023 (f
1095 984 1319 1026 coniuncta
1343 990 1419 1026 est.
1479 984 1571 1026 Hoc
1593 983 1784 1026 scholion

220 1061 487 1103 Platonicum
521 1072 543 1100 e
583 1058 748 1099 Lucillo
787 1057 1005 1099 Tarrhaeo
1048 1056 1140 1107 ipso
1184 1059 1398 1107 sumptum
1440 1067 1536 1097 esse
1579 1055 1696 1097 Cohn
1739 1054 1784 1096 in

219 1132 352 1183 Suppl
386 1133 482 1172 Ann
514 1128 626 1171 XIII
673 1127 822 1181 (1884)
866 1140 891 1179 p
925 1125 1007 1167 841
1056 1126 1405 1168 Warnkrossium
1448 1131 1621 1168 secutus
1666 1129 1784 1168 autu-

221 1203 368 1245 mavit.
431 1202 535 1243 Cum
568 1213 670 1242 vero
704 1199 979 1241 scholiastam
1014 1201 1052 1239 A
1084 1198 1247 1240 scholia
1281 1198 1504 1239 Platonica
1536 1197 1785 1239 adhibuisse

221 1287 303 1315 non
323 1277 490 1314 constet
513 1272 628 1320 (vide
652 1284 781 1322 supra
796 1283 822 1322 p
837 1269 921 1321 19),
944 1269 1122 1311 Luciani
1140 1269 1330 1311 scholion
1353 1281 1377 1309 a
1400 1268 1786 1322 paroemiographo

222 1344 460 1396 profectum
494 1349 574 1396 est,
609 1342 679 1394 qui
714 1347 761 1383 ut
787 1341 1046 1383 scholiastae
1069 1340 1263 1382 Platonis
1288 1340 1499 1382 Lucillum
1522 1340 1787 1382 Tarrhaeum

219 1415 442 1467 expilavit.
506 1415 656 1456 Obiter
689 1414 741 1454 de
773 1413 841 1453 his
876 1412 1057 1453 Luciani
1089 1418 1133 1453 et
1167 1411 1358 1453 Platonis
1392 1411 1566 1453 scholiis
1590 1410 1786 1464 Giesing‚

220 1487 273 1527 de
306 1486 424 1528 schol
459 1486 557 1527 Plat
588 1485 778 1526 tontibus
813 1496 837 1535 p
876 1483 944 1535 68,
988 1484 1147 1525 rectius
1174 1482 1450 1534 Warnkross,
1479 1482 1531 1524 de
1553 1482 1788 1534 paroemio-

223 1557 400 1609 graphis
433 1570 459 1609 p
493 1556 548 1598 46
582 1556 797 1598 iudicavit.
865 1555 1004 1596 Verbo
1038 1566 1186 1596 moneo
1226 1555 1333 1595 haec
1375 1553 1539 1595 scholia
1581 1553 1789 1606 ampliora

224 1629 428 1670 exhibere
462 1640 585 1679 quam
614 1627 847 1668 Zenobium
887 1626 942 1667 VI
973 1625 1027 1664 28
1062 1626 1118 1677 (cf
1153 1627 1249 1677 App
1273 1624 1331 1665 IV
1356 1623 1439 1676 26),
1474 1625 1789 1678 Diogenianum

224 1699 289 1740 III
323 1698 390 1747 43,
431 1698 692 1750 Apostolium
725 1697 815 1739 XII
848 1695 917 1749 92,
950 1696 1079 1738 XVII
1112 1696 1179 1737 69.
1242 1696 1365 1748 Rein,
1401 1695 1719 1748 Sprichworter
1750 1709 1788 1737 u.

222 1769 595 1822 sprichwortliche
627 1769 929 1810 Redensarten
970 1768 1036 1810 bei
1077 1768 1247 1808 Lukian
1274 1780 1299 1819 p
1323 1767 1349 1808 5
1374 1768 1415 1808 in
1438 1766 1630 1820 Freyero
1669 1768 1788 1810 nisus

221 1840 455 1892 contendit,
499 1840 766 1892 argumentis
808 1852 890 1881 non
924 1839 1121 1891 probavit
1159 1838 1349 1880 scholion
1383 1836 1466 1878 EC
1478 1837 1583 1891 Vq>0
1598 1839 1683 1878 ,ΩΔ
1724 1839 1790 1881 De

226 1924 340 1952 merc
373 1911 477 1952 cond
514 1911 563 1950 21
602 1909 644 1963 (p
680 1910 843 1962 167,t·2)
880 1911 1117 1952 Pausaniae
1143 1910 1372 1951 Atticistac
1396 1909 1555 1952 deberi,
1611 1911 1791 1952 Praeter

226 1982 519 2023 testimonium
552 1982 760 2034 Platonis,
795 1982 943 2023 comici
976 1986 1142 2033 poetae,
1177 1981 1220 2022 in
1255 1980 1342 2021 ΕΔ
1370 1981 1561 2022 additum
1601 1981 1792 2022 scholion

225 2053 277 2093 ad
319 2054 497 2095 verbum
535 2053 626 2095 fere
668 2065 762 2093 cum
797 2053 982 2095 Zenobio
1026 2052 1095 2092 III
1140 2051 1194 2091 82
1239 2052 1449 2094 convenit.
1513 2053 1655 2103 Atque
1697 2064 1791 2094 cum

227 2123 403 2165 Crusius
451 2124 493 2165 in
542 2124 764 2165 Analectis
814 2123 865 2164 ad
916 2123 1330 2175 Paroemiographos
1378 2136 1404 2174 p
1448 2122 1503 2163 93
1551 2123 1793 2164 ostenderit

228 2194 462 2236 Zenobium
495 2195 751 2236 comicorum
783 2194 992 2246 imprimis
1017 2194 1265 2235 testimonia
1288 2206 1310 2235 e
1335 2194 1518 2246 Didymo
1541 2193 1791 2245 sumpsisse,

229 2265 307 2305 hoc
356 2265 547 2307 scholion
590 2265 851 2307 Lucianeum
896 2265 1083 2307 Zenobio
1129 2265 1423 2307 intercedente
1467 2265 1518 2306 ad
1561 2264 1792 2317 Didymum

228 2336 370 2376 redire
405 2348 571 2377 censeo.
635 2337 778 2387 Atque
818 2348 912 2376 cum
953 2336 1101 2377 Crusio
1135 2340 1248 2377 teste
1293 2336 1348 2383 (in
1382 2335 1479 2377 Rell
1518 2347 1621 2377 conc
1660 2335 1793 2387 philol

231 2406 344 2447 Dess
380 2419 487 2447 conv
519 2419 546 2457 p
581 2406 664 2445 227
699 2410 735 2455 s)
779 2407 832 2447 ad
872 2406 1017 2447 infima
1056 2419 1190 2458 usque
1225 2407 1562 2458 Byzantinorum
1599 2410 1794 2458 tempora

231 2488 254 2517 e
288 2477 467 2518 Zenobii
499 2477 620 2518 libris
654 2477 906 2529 vulgaribus
939 2477 1167 2527 proverbia
1200 2477 1353 2518 hausta
1387 2477 1487 2529 sint,
1521 2489 1664 2518 eorum
1698 2489 1794 2528 pro·

234 2547 477 2588 verbioruin
509 2548 901 2599 interpretationes,
936 2560 1043 2599 quae
1076 2549 1115 2588 in
1153 2548 1333 2589 Luciani
1357 2548 1530 2589 scholiis
1554 2553 1793 2600 occurrunt,

233 2629 285 2658 ex
319 2617 481 2659 eisdem
512 2618 634 2659 libris
667 2617 841 2660 fluxisse
874 2618 1011 2660 credo.
1073 2618 1175 2659 Cum
1210 2630 1311 2660 vero
1337 2618 1514 2659 Luciani
1536 2618 1794 2660 scholiastae

234 2688 375 2728 onmia
408 2688 498 2728 fere
533 2689 758 2739 proverbia
791 2689 919 2730 latius
968 2689 1184 2740 explicent
1232 2701 1355 2740 quam
1396 2689 1527 2730 ceteri
1560 2689 1793 2740 paroemio-

236 2758 402 2809 graphi,
438 2758 522 2798 illis
545 2759 753 2810 largiores
785 2769 827 2801 et
854 2761 1073 2801 uberiores
1096 2760 1237 2801 fontes
1261 2759 1647 2811 suppeditaverunt
1669 2772 1795 2811 quam

235 2829 645 2880 paroemiographis
