1914 3095
771 244 1063 285 „43-

142 378 242 408 usus
275 366 381 407 alios
404 366 571 406 Atticos
605 367 852 416 spectantes
885 363 1130 414 explicaret.
1181 360 1358 402 Multum
1391 364 1533 401 autem
1565 359 1695 399 inter-

142 441 208 478 est
245 437 358 478 inter
395 436 562 478 fabulas
607 448 631 476 a
670 433 914 476 scholiastis
952 432 1181 473 Lucianeis
1224 438 1267 472 et
1309 431 1361 471 ab
1408 430 1695 471 Eratosthene

141 507 332 549 traditas.
383 507 483 548 Cum
518 507 560 547 in
585 504 885 546 Eratosthenis
909 503 1096 544 carmine
1120 502 1367 555 Erigonam,
1401 501 1526 541 Icarii
1551 500 1694 548 filiam,

143 578 303 630 primas
336 583 381 618 ut
415 579 562 629 opinor
593 581 737 628 partes
778 576 920 627 egisse
962 586 984 614 e
1024 573 1224 615 carminis
1257 572 1425 612 nomine
1458 571 1550 622 ipso
1584 570 1697 612 colli-

142 649 326 701 gendum
361 660 456 690 esse
490 647 700 698 videatur,
737 646 912 687 Luciani
944 645 1204 696 interpretes
1239 655 1331 684 eam
1361 642 1529 683 omnino
1554 641 1696 693 negle-

142 725 259 772 gunt.
324 722 525 760 Attamen
573 730 680 768 quae
726 716 777 757 de
819 716 947 758 Icarii
990 720 1124 756 morte
1169 716 1411 764 narrantur,
1465 711 1697 753 secundum

146 790 477 831 Eratosthenem
509 789 766 831 confinxisse
799 787 901 828 mihi
935 787 1145 828 videntur.
1221 784 1299 837 Qui
1334 783 1550 835 Erigonae
1585 781 1697 823 filiae

149 867 324 902 mortem
360 861 421 902 sic
452 865 715 901 narraverat.
770 858 890 899 Hanc
923 865 1087 910 patrem
1121 858 1356 905 absentem,
1391 867 1482 895 cum
1518 854 1601 894 iam
1635 865 1698 894 se-

144 932 287 983 pultus
310 937 438 983 esset,
459 931 570 971 domi
586 931 752 971 tristem
768 935 1056 981 exspectasse.
1082 928 1266 968 Maeram
1283 932 1424 966 autum
1449 922 1697 972 caniculam,

142 1015 250 1053 quae
272 1003 455 1043 Icarium
481 1014 610 1053 pagos
635 1001 800 1041 Atticos
824 1003 1125 1051 peragrantem
1149 998 1350 1038 comitata
1373 1001 1500 1046 esset,
1529 994 1697 1035 domum

144 1073 375 1125 profectam
400 1072 633 1113 ululantem
657 1076 699 1112 et
721 1072 948 1111 latrantem
974 1069 1025 1111 ad
1051 1068 1186 1121 patris
1210 1065 1699 1118 sepulcrumErigonam

142 1143 394 1195 perduxisse
441 1145 581 1193 Atque
605 1142 706 1182 deos
731 1148 960 1192 precatam,
982 1145 1029 1181 ut
1052 1139 1198 1181 eadem
1225 1151 1306 1189 qua
1330 1138 1422 1189 ipsa
1444 1147 1548 1177 nece.
1571 1135 1699 1186 virgi-

141 1226 218 1255 nes
241 1215 412 1255 Atticae
435 1214 674 1264 interirent,
712 1225 764 1254 ex
787 1214 938 1253 arbore
962 1224 1007 1252 se
1031 1210 1318 1262 suspendisse.
1381 1208 1485 1249 Tum
1522 1213 1699 1258 patrem,

142 1296 303 1336 canem,
337 1283 466 1326 filiam
499 1284 541 1325 in
575 1283 713 1325 stellis
747 1283 975 1324 collocatos
1009 1294 1116 1323 esse.
1160 1281 1279 1321 Haec
1311 1281 1454 1320 omnia
1486 1277 1701 1318 desuntin

143 1355 303 1396 scholio
335 1355 564 1396 Lucianeo.
619 1354 737 1407 Quae
761 1358 902 1395 autem
926 1353 1183 1394 scholiastae
1207 1352 1259 1392 de
1283 1362 1430 1403 poena,
1465 1361 1546 1399 qua
1571 1348 1702 1389 Liber

142 1426 353 1477 agricolas
386 1425 553 1467 Atticos
587 1424 745 1477 affecit,
780 1428 970 1475 narrant,
1005 1423 1129 1465 valde
1154 1421 1390 1473 singularia
1411 1423 1520 1461 sunt.
1555 1419 1702 1470 Neque

142 1509 243 1539 vero
278 1496 463 1538 Maassio
497 1495 752 1548 adstipulari
785 1485 970 1547 possum,
1016 1495 1085 1545 qui
1127 1506 1150 1545 p
1186 1492 1356 1543 138,122
1383 1491 1543 1532 scholio
1576 1489 1700 1531 fidem

138 1567 369 1620 abrogavit
402 1572 443 1609 et
477 1567 714 1609 autumavit
746 1566 826 1607 hoc
859 1565 1085 1607 conflatum
1119 1576 1215 1606 esse
1248 1576 1270 1604 e
1305 1561 1626 1604 Catasterismis
1660 1563 1703 1601 et

143 1638 302 1680 scholio
334 1640 397 1679 Ar
428 1638 519 1679 Ach
556 1637 652 1678 243.
723 1636 1024 1688 Aristophanis
1067 1636 1179 1676 enim
1225 1635 1499 1685 interpretes,
1546 1639 1591 1673 ut
1633 1631 1702 1672 de—

142 1713 381 1751 monstrent
414 1720 611 1761 pompam
645 1708 899 1749 Bacchicam
933 1707 1075 1759 phallo
1109 1717 1256 1747 carere
1289 1717 1372 1745 non
1408 1715 1544 1755 posse,
1584 1701 1703 1744 fabu-

144 1780 228 1821 lam
262 1780 437 1821 Luciani
472 1780 623 1821 scholii
655 1779 781 1820 alteri
804 1779 913 1831 parti
934 1778 1209 1831 propinquam
1228 1776 1431 1818 referunt.
1477 1774 1577 1814 (sum
1604 1785 1703 1815 vero

142 1851 319 1892 Luciani
354 1851 612 1892 scholiastae
645 1850 723 1891 soli
754 1855 952 1891 accurate
975 1849 1235 1899 describant,
1268 1847 1313 1888 in
1336 1859 1456 1897 quam
1493 1844 1704 1886 insaniam

144 1922 358 1974 agricolae
400 1922 463 1962 illi
504 1921 746 1969 inciderint,
787 1925 830 1962 et
869 1932 1013 1962 omnes
1045 1919 1288 1961 fabularum
1319 1917 1493 1968 formae,
1541 1927 1647 1966 quae
1680 1928 1704 1956 a

142 1993 345 2035 memoria
368 1993 536 2045 vulgari
569 1992 735 2034 alienae
759 1992 799 2032 in
826 1991 1005 2033 Luciani
1039 1990 1212 2032 scholiis
1236 1992 1474 2038 occurrunt,
1505 1999 1587 2028 non
1612 1986 1704 2027 sine

145 2063 285 2114 aliqua
319 2064 572 2105 auctoritate
606 2063 705 2115 sint,
742 2062 974 2104 Maassium
1007 2073 1233 2114 perperam
1272 2059 1505 2101 coniecisse
1539 2057 1675 2099 credo.

261 2134 470 2175 Pauciora
512 2134 701 2176 scholion
744 2135 875 2173 BVQ
920 2132 1020 2174 Dial
1065 2132 1167 2174 deor
1209 2129 1343 2172 XXII
1385 2127 1567 2182 (XVIH)
1595 2139 1614 2169 2
1663 2126 1704 2180 (p

147 2204 310 2257 274‚5)‚
355 2205 397 2245 in
441 2205 614 2247 brevius
659 2205 835 2246 redacta
877 2204 1065 2246 scholion
1104 2203 1141 2243 R
1177 2203 1275 2243 Dial
1308 2206 1466 2242 mer-etr
1500 2199 1629 2240 &³114
1662 2197 1704 2250 (p

147 2274 310 2329 27934‘)
354 2276 570 2317 exhibent.
643 2276 794 2326 Itaque
837 2275 987 2317 Rohde
1026 2275 1069 2316 in
1110 2274 1204 2314 Mus
1238 2272 1361 2313 Rhen
1395 2270 1520 2312 XXV
1554 2268 1705 2323 (1870)

146 2358 170 2399 p
203 2345 288 2387 559
322 2365 375 2379 z
410 2358 461 2398 op
495 2347 538 2387 Π
570 2358 596 2399 p
630 2345 713 2386 367
749 2347 929 2388 coniecit
961 2346 1136 2397 scholia,
1182 2356 1289 2395 quae
1332 2346 1432 2384 sunt
1471 2342 1523 2383 de
1557 2340 1705 2382 Halois

144 2422 190 2458 et
222 2417 274 2458 de
308 2417 459 2469 Icario,
501 2430 554 2459 ex
586 2429 667 2458 uno
702 2417 819 2458 fonte
853 2417 1045 2468 profecta
1078 2427 1186 2457 esse.
1259 2415 1322 2455 Ac
1354 2413 1539 2454 fortasse
1572 2411 1707 2463 suspi-

145 2493 265 2530 cetur
297 2488 509 2540 quispiam
541 2491 763 2538 utramquc
797 2487 985 2529 fabulam
1019 2500 1041 2527 e
1072 2486 1326 2526 Philochoro
1360 2482 1613 2536 profluxisse
1646 2481 1707 2533 (c't'

145 2558 350 2600 LBachm
383 2557 403 2599 Ι
438 2558 569 2611 7226,
605 2558 724 2610 Harp
759 2570 779 2599 s
812 2554 979 2610 uam).

263 2629 299 2671 Ε
341 2629 459 2671 fonte
501 2629 600 2671 limo
644 2630 816 2670 turbato
857 2641 907 2670 ea
945 2630 1243 2677 manaverunt,
1299 2638 1406 2677 quac
1449 2625 1707 2666 scholiastae

145 2701 386 2752 ΒΟφΜΝΩ
415 2700 516 2741 Dial
550 2703 660 2741 mort
697 2699 763 2740 IX
796 2697 1028 2751 (XXVIII)
1058 2709 1074 2739 1
1109 2696 1153 2748 (p
1189 2695 1353 2750 254‚·24)
1394 2696 1706 2747 ascripserunt:

146 2767 297 2825 Ἀρκὰς
327 2769 407 2821 μὲν
439 2771 460 2809 ὁ
497 2770 652 2815 Φινεὺς
686 2769 757 2808 καὶ
800 2768 902 2820 περὶ
933 2766 1192 2820 Στύμφαλον
1226 2771 1465 2806 κατοικῶν·
1496 2756 1527 2818 ᾧ
1559 2766 1630 2805 καὶ,
1663 2763 1708 2804 αἱ

160 2846 350 2895 Αρπυιαι
390 2840 442 2880 τὰ
480 2840 639 2880 δεῖπνα
681 2842 899 2885 ‹nvom-vat
942 2839 1047 2892 πρὸς
1086 2843 1161 2877 τοῦ
1195 2834 1416 2894 Ἀλκμήνης
1453 2831 1710 2889 (Ηρακλὲους
