2054 3152
1000 230 1295 271 —36—

372 364 563 410 μεγισιος
601 355 815 405 μιγισιάν,
861 352 932 390 καὶ
972 348 1017 389 ἐν
1057 350 1249 403 συγκοπῇ
1287 345 1388 387 dcciv
1427 349 1497 387 καὶ
1529 347 1729 402 κληιικῶς
1761 337 1798 387 εἷ
1827 345 1934 390 ἐπάν

373 429 439 467 καὶ
476 425 670 479 ἀποβολῇ
703 429 775 462 τοῦ
807 426 830 462 ἒ
863 410 1007 472 <ὦ>
1043 421 1138 460 ῑάν.
1202 419 1291 460 Hoc
1325 418 1514 460 scholion
1553 431 1652 461 esse
1682 420 1796 462 Aelii
1829 420 1932 462 Dio-

372 498 481 550 nysii
521 504 593 538 aut
633 494 871 535 Pausaniae
911 492 1092 543 Giesing
1131 490 1172 530 in
1213 489 1321 529 libro
1362 489 1415 530 de
1448 489 1704 531 scholiorum
1738 491 1933 532 Platonis

373 568 560 609 fontibus
603 567 760 616 scripto
807 577 830 615 p
876 562 968 613 35‚1
1012 572 1232 612 perperam
1276 558 1447 600 iudicat.
1523 559 1635 602 Sane
1673 560 1845 612 quidem
1884 566 1930 603 ut

373 640 481 680 hanc
525 637 765 688 opinionem
819 632 1086 685 argumentis
1128 630 1312 677 fulciret,
1366 630 1529 671 scholia
1581 631 1795 674 Lucianea
1847 643 1928 674 non

373 708 568 759 strictim,
603 707 677 748 sed
712 706 943 753 diligenter
976 709 1019 744 et
1050 706 1248 743 accurate
1271 701 1484 753 inspicere
1508 701 1666 743 debuit.
1730 701 1932 745 Scholion

379 780 635 820 liucianeum
663 776 836 828 Didymi
870 774 1105 815 doctrinam
1139 771 1320 813 reddere
1354 772 1515 813 scholio
1538 771 1610 813 RS
1633 773 1674 813 in
1702 773 1798 814 Plat
1822 774 1932 826 Apol

374 849 429 890 25
449 850 479 891 (13
519 848 769 889 illustratur.
832 845 912 886 Est
951 844 1080 886 enim:
1119 874 1128 883 .
1163 877 1170 883 .
1202 873 1210 881 .
1245 841 1435 892 Δίδυμος
1472 841 1515 882 δὲ
1551 843 1597 882 τὸ
1630 843 1790 900 πλῆρες
1821 839 1936 885 εἷναί

372 932 497 974 φησιν
539 906 570 955 εἷ)
610 915 722 969 ἔταν,
763 915 925 967 ἀγνοῶν
969 910 1021 959 ὠς
1065 911 1156 952 ἀπὸ
1196 917 1272 952 τοῦ
1306 910 1401 966 ἔτης
1440 912 1464 970 ἡ
1497 913 1671 970 κλητική
1709 910 1824 955 ἐστιν
1856 912 1932 957 §va

373 990 440 1030 καὶ
476 993 674 1042 Δωρικῶς
707 984 823 1028 ἔιαν.
858 986 1053 1028 Scholion
1089 985 1215 1036 Apoll
1251 983 1317 1024 Rh
1353 983 1371 1024 Ι
1406 981 1491 1025 3Οὸ
1524 997 1577 1026 ex
1609 985 1760 1027 scholii
1782 986 1932 1029 Lucia-

373 1063 440 1103 nei
474 1061 591 1102 fonte
626 1058 800 1100 fluxisse
833 1063 997 1100 certum
1030 1060 1107 1098 est.

494 1132 554 1172 Ea
588 1142 765 1182 quoque,
801 1141 908 1180 quae
941 1127 1198 1169 scholiastae
1235 1128 1454 1168 I'VJIQA
1487 1127 1536 1168 ad
1572 1127 1665 1168 Tim
1689 1128 1747 1169 54
1777 1127 1934 1181 (119,·2,

374 1205 688 1256 ascripserunt:
721 1204 868 1254 βρῶμα
902 1199 1066 1239 Λύδιον
1099 1195 1143 1245 ἐξ
1173 1197 1354 1250 αἵματος
1387 1199 1411 1256 ἡ
1434 1200 1597 1252 καρύκη
1627 1198 1681 1240 ad
1707 1198 1933 1252 Didymum

376 1275 567 1316 redeunt,
632 1274 713 1327 Qui
747 1270 792 1311 ἐν
825 1273 990 1325 κωιιιικῇ
1021 1269 1128 1317 λέξει
1161 1272 1202 1322 (p
1239 1270 1294 1310 28
1328 1269 1539 1324 Schmidt)
1572 1269 1715 1312 docuit
1746 1275 1935 1327 καρύκην

374 1346 510 1387 fuisse
564 1345 726 1386 Λύδιον
778 1345 923 1396 βρῶμα
978 1338 1024 1381 ἐκ
1078 1341 1338 1387 πολυτελοῦς
1381 1343 1604 1386 σκευασίας
1648 1344 1936 1393 συγκείμενον,

375 1416 571 1458 Scholion
605 1415 866 1467 aliquantulo
899 1414 1146 1465 discrepare
1179 1426 1203 1455 a
1235 1412 1411 1465 Didymi
1445 1412 1639 1455 doctrina
1675 1413 1768 1465 ipse
1800 1414 1934 1457 vides.

376 1487 509 1540 Quam
545 1486 878 1537 discrepantiam
911 1486 972 1526 sic
1005 1485 1182 1535 explico.
1256 1485 1359 1526 Cum
1393 1483 1688 1526 demonstrare
1726 1497 1936 1537 nequeam

376 1558 628 1599 scholiastas
670 1557 849 1598 Luciani
894 1555 1065 1609 Didymi
1109 1554 1297 1611 κωμικὴν
1341 1555 1455 1603 λέξιν
1497 1556 1613 1608 ipsos
1657 1556 1934 1610 appetivisse,

375 1641 493 1670 sumo
537 1641 608 1670 eos
651 1628 769 1669 fonte
817 1628 999 1679 quodam
1042 1629 1294 1670 secundario
1339 1640 1437 1670 usos
1478 1639 1585 1669 esse.
1654 1626 1712 1669 Et
1744 1627 1936 1680 profecto

376 1700 517 1751 glossa
541 1700 739 1740 Lssachm
774 1698 793 1738 Ι
828 1697 975 1749 :268‚m
1009 1699 1106 1740 huic
1138 1700 1325 1751 opinioni
1363 1698 1575 1750 praesidio
1609 1703 1652 1740 et
1684 1703 1937 1752 argumento

376 1776 452 1811 est.
529 1770 646 1823 Quae
682 1774 774 1812 rest:
827 1771 990 1823 καρύκη
1033 1771 1180 1821 βρῶμα
1214 1769 1378 1809 Λύδιον
1411 1766 1457 1816 ἐξ
1482 1767 1663 1819 αἱμαῑος
1694 1769 1766 1809 καὶ
1799 1768 1937 1809 ἄλλων

378 1845 501 1879 mmor
535 1838 802 1893 ἀρῑυμάῑων,
839 1832 929 1879 οἷον
962 1836 1006 1879 ἐκ
1033 1842 1238 1893 φοινίκων
1271 1841 1342 1881 καὶ
1373 1840 1560 1891 μέλιτος·
1596 1838 1671 1894 ἀφ’
1704 1833 1754 1880 οὗ
1785 1841 1858 1881 καὶ
1890 1841 1938 1880 τὸ

376 1913 680 1963 συιίαράτιειν
712 1926 751 1950 τι
783 1910 854 1949 καὶ
883 1909 1108 1951 ἀναδεύειν
1137 1914 1390 1964 καρυκεύειν
1411 1914 1565 1965 φασίν.
1598 1912 1936 1966 Scholiographi‚

378 1994 457 2033 qua
497 1988 619 2023 erant
651 1982 815 2023 incuria
847 1995 895 2023 ac
930 1983 1116 2034 pigritia,
1158 1984 1343 2035 glossam
1386 1983 1568 2035 primam
1603 1984 1936 2036 exscripserunt,

377 2057 521 2093 cetera
555 2053 850 2105 neglexerunt.
925 2051 1039 2095 Sane
1072 2067 1094 2094 e
1127 2053 1323 2095 frustulis
1358 2054 1533 2106 Didymi
1571 2055 1741 2096 nomine
1773 2055 1938 2097 ornatis

377 2123 575 2168 cos-'nosci
610 2124 756 2174 nequit
788 2124 900 2165 hunc
934 2136 1137 2175 expresse
1171 2124 1366 2166 docuisse
1400 2125 1451 2165 ad
1483 2128 1672 2179 καρύκην
1694 2138 1938 2178 comparan-

379 2193 474 2234 dam
508 2194 757 2245 sanguinem
792 2193 1031 2236 adhibitum
1065 2207 1172 2237 esse.
1222 2195 1306 2236 Sed
1330 2197 1424 2247 quis
1451 2200 1518 2237 est
1541 2196 1611 2247 qui
1634 2209 1658 2237 a
1681 2196 1938 2250 magistellis

378 2264 461 2304 illis
504 2264 773 2316 Byzantinis,
809 2265 879 2315 qui
912 2265 1086 2318 Didymi
1119 2265 1356 2308 doctrinam
1398 2267 1641 2318 posteritati
1675 2268 1781 2309 satis
1810 2267 1937 2310 vilem

377 2334 660 2382 tradiderunt,
694 2336 882 2376 incuriae
914 2337 1125 2378 rationem
1159 2336 1383 2389 reposcat?

496 2406 697 2447 Breviter
738 2413 944 2458 repetam,
984 2408 1093 2458 quod
1137 2408 1317 2450 evicisse
1352 2409 1512 2451 videor.
1585 2410 1939 2452 Demonstratum

379 2483 440 2516 est
475 2476 652 2517 Luciani
685 2477 846 2518 scholia
881 2479 1160 2528 grammatica
1198 2480 1325 2531 longe
1358 2480 1541 2531 plurima
1579 2493 1602 2522 e
1634 2480 1939 2533 prompt-uariis

380 2545 603 2587 rhetoricis
648 2547 910 2598 profluxisse.
999 2550 1140 2600 Atque
1183 2551 1451 2601 repperimus
1497 2552 1723 2593 maximam
1767 2551 1939 2604 quidem

380 2620 541 2666 partem
579 2618 647 2658 vel
691 2630 740 2658 oa
782 2618 960 2671 scholia,
1007 2632 1113 2670 quae
1156 2621 1285 2662 cert-is
1328 2622 1577 2663 auctoribus
1621 2622 1844 2674 debentur,
1888 2634 1941 2664 ex

379 2686 527 2726 horum
572 2688 675 2737 ipsis
718 2688 839 2729 libris
885 2702 967 2730 non
1015 2690 1284 2742 deprompta,
1330 2692 1405 2733 sed
1450 2705 1472 2734 e
1516 2692 1665 2735 lexicis
1713 2693 1940 2735 rhetoricis

381 2756 531 2797 hausta
566 2769 672 2799 esse.
737 2762 839 2799 (sum
864 2772 963 2801 vero
997 2762 1040 2801 in
1071 2762 1367 2803 brevissimum
1393 2763 1568 2805 redacta
1589 2764 1804 2816 legantur,
1833 2764 1941 2805 haec

380 2826 519 2868 omnia
554 2840 575 2868 c
611 2831 924 2871 commentariis
958 2831 1019 2871 VI
1051 2831 1141 2873 fere
1175 2833 1331 2873 saeculi
1367 2833 1410 2873 in
1444 2833 1575 2875 libros
1602 2833 1940 2886 Byzantinorum

2045 1555 2054 1593 1-
2047 1508 2054 1547 m„
2044 1332 2054 1496 Λῌ--Α-
2048 1303 2054 1322 m
2050 1268 2054 1294 ..-
