2054 3152
934 200 1222 239 „25-

304 325 388 359 111111
424 320 488 359 sit.
555 319 729 359 liuciani
764 324 903 360 autem
940 319 1127 360 scholion
1162 324 1303 360 utrum
1337 331 1359 360 c
1386 319 1651 372 Diogeniano
1683 321 1776 374 ipso
1803 333 1859 363 an

302 402 324 430 0
357 390 603 440 compendio
636 390 913 437 grammatico
948 389 1199 442 manaverit,
1235 389 1478 441 disceptare
1511 403 1685 442 nequeo.

605 541 642 585 b.
706 539 773 585 De
809 539 993 586 Polluce
1028 540 1310 587 scholiorum
1345 543 1546 588 auctore.

417 638 676 689 Quamquam
703 637 958 678 scholiastae
981 637 1241 677 ΓΟῙὊΩΔ
1263 650 1287 688 p
1306 636 1424 690 66,10
1442 637 1667 679 etGVQA
1690 650 1715 690 p
1740 636 1857 691 78‚13

299 713 469 748 auctore
511 708 696 749 indicato
744 707 928 749 Pollucis
971 708 1084 749 locos
1127 710 1529 760 transscripserunt,
1575 716 1718 749 tamen
1757 720 1857 761 spes

298 783 395 819 voto
428 790 508 818 non
545 784 629 818 stat
666 778 872 828 permulta
908 779 1068 819 scholia
1102 779 1153 819 ad
1180 779 1395 821 Pollucem
1419 779 1564 821 reduci
1588 791 1723 831 posse.
1761 779 1856 822 Duo

298 832 470 889 tantum
495 849 654 889 scholia
688 849 785 889 111110
819 856 934 889 corto
971 855 1195 900 praetcrea
1230 849 1462 891 debentur:

355 919 471 960 schol
503 919 550 958 Γ
562 920 627 960 2(
641 918 676 956 l
679 919 803 957 nol
809 922 846 958 Ω
881 932 903 970 1»
937 919 1005 970 ἰ7
1012 933 1054 961 24
1088 921 1269 962 ——Poll
1304 921 1368 961 III
1397 933 1451 971 54,

510 991 581 1029 ἶ]
617 1003 639 1040 1»
675 990 796 1034 -»s
825 967 1005 1031 ——Poll
1045 991 1100 1030 IV
1121 1002 1196 1042 145
1231 1003 1302 1033 133.

413 1060 507 1101 ‚lam
534 1073 600 1111 qm
597 1061 818 1101 1.·111111111111
847 1067 925 1114 031,
952 1069 1088 1102 utrum
1110 1063 1367 1105 scholiastae
1390 1063 1621 1115 Byzantlm
1637 1063 1856 1104 Pollucem

299 1132 379 1182 ipsi
413 1132 701 1182 appetixuint
737 1133 929 1173 ·111·11·100
963 1146 1128 1184 quoquc
1162 1134 1325 1175 scholia
1365 1140 1409 1175 ut
1448 1140 1686 1176 ceterorum
1728 1134 1855 1187 longe

297 1202 521 1242 maximam
554 1209 717 1254 partem
754 1216 806 1244 ex
839 1204 1155 1245 commentariis
1187 1205 1273 1246 illis
1300 1206 1610 1256 antiquioribus
1634 1205 1855 1258 depromp-

296 1272 441 1313 serint.
533 1273 631 1314 s'um
681 1274 785 1315 illud
831 1275 1097 1326 argumentis
1148 1277 1424 1326 comprobare
1468 1287 1695 1328 nequeam,
1754 1275 1855 1318 huic

298 1343 401 1383 nihil
425 1350 650 1396 1011001101,
675 1345 829 1395 colligo
852 1345 1039 1387 Pollucis
1063 1347 1353 1388 onomasticon
1378 1347 1509 1388 multo
1533 1351 1633 1389 ante
1663 1347 1854 1388 Arethae

296 1418 486 1465 tempora
535 1415 648 1456 (vide
682 1416 836 1457 Bethci
868 1416 992 1467 praef
1024 1417 1066 1457 in
1100 1417 1194 1458 Poll
1227 1417 1264 1457 V
1297 1417 1389 1472 eqs)
1420 1418 1459 1458 h.
1493 1430 1526 1459 e.
1560 1417 1729 1459 saeculo
1761 1417 1853 1459 fere

296 1484 375 1524 VH
408 1485 451 1525 in
485 1497 577 1526 eam
612 1485 789 1527 formam
831 1492 1095 1529 contractum
1137 1488 1285 1540 fuisse,
1329 1489 1373 1529 in
1419 1501 1542 1540 quam
1588 1492 1854 1530 contractum

293 1556 533 1606 0031010011
568 1557 771 1598 traditum
805 1563 881 1599 031.

615 1721 653 1755 0.
688 1708 755 1755 De
789 1709 918 1756 Aelio
954 1709 1175 1768 Dionysio
1211 1713 1254 1757 et
1291 1710 1526 1758 Pausania.

773 1814 871 1855 Quid
901 1817 961 1852 his
990 1818 1100 1853 certo
1131 1817 1260 1854 addici
1290 1818 1428 1861 possit.

411 1886 512 1927 Cum
539 1887 754 1929 Lucianus
780 1890 1048 1940 antiquorum
1073 1891 1331 1942 scriptorum
1345 1891 1587 1932 Atticorum
1610 1903 1851 1933 sermonem

292 1957 449 1997 imitari
481 1958 750 2008 periclitatus
785 1960 853 2007 sit,
889 1961 1085 2002 conicere
1118 1962 1219 2003 licet
1253 1963 1345 2003 eius
1377 1962 1639 2013 interpretes
1677 1967 1852 2015 praeter

293 2027 505 2068 Pollucem
539 2029 643 2070 alios
678 2042 780 2080 quos
813 2030 992 2073 dicimus
1026 2033 1254 2073 Atticistas
1290 2032 1443 2073 adisse.
1498 2033 1676 2086 Freyer,
1712 2033 1784 2084 qui
1805 2034 1850 2075 in

292 2096 397 2138 Stud
430 2085 534 2150 Lips
563 2100 597 2137 V
631 2113 656 2151 p
692 2100 775 2140 209
810 2106 896 2143 cett
929 2102 1039 2143 hanc
1074 2103 1368 2153 quaestionem
1402 2104 1563 2154 p1imus
1586 2104 1731 2155 movit,
1766 2117 1849 2146 non

292 2181 421 2219 pauca
456 2170 614 2211 scholia
648 2171 864 2213 Lucianca
888 2173 1010 2214 Aelio
1034 2173 1176 2225 Dion)
1181 2174 1241 2215 sio
1275 2178 1318 2214 et
1340 2174 1581 2216 Pausaniae
1603 2175 1849 2218 vindicavit.

293 2238 376 2280 Sed
409 2246 705 2291 praeterquam
741 2243 849 2293 quod
885 2244 976 2284 01113
1008 2245 1150 2295 opinio
1184 2245 1294 2286 male
1327 2245 1506 2287 fundata
1539 2251 1606 2287 est
1637 2244 1773 2299 (Cohn
1805 2247 1850 2288 in

290 2309 432 2351 Philol
464 2314 555 2351 ΑΗΖ
589 2312 670 2352 XV
703 2312 854 2367 (1885)
892 2327 918 2365 p
952 2313 1038 2368 49),
1079 2320 1335 2367 argumenta
1379 2317 1469 2358 eius
1504 2308 1639 2358 ⁴nimis
1684 2317 1850 2360 lubrica

291 2386 387 2420 sunt
422 2394 545 2431 quam
579 2387 625 2423 ut
656 2384 917 2434 persuadeat
949 2385 1155 2437 cuiquam.
1221 2386 1326 2428 Nam
1360 2387 1396 2428 si
1429 2399 1536 2439 quae
1570 2388 1731 2430 scholia
1754 2399 1850 2430 cum

290 2450 519 2504 Hesychio,
555 2453 720 2506 Photio‚
757 2454 887 2496 Suida
920 2456 1178 2510 conspirant,
1215 2469 1391 2508 quorum
1423 2457 1565 2499 fontes
1587 2459 1848 2511 principales

289 2521 458 2562 Aelium
491 2523 743 2575 Dionysium
776 2525 1118 2578 Pausaniamque
1159 2540 1256 2569 esse
1289 2528 1399 2570 falso
1439 2529 1627 2581 confidit,
1683 2528 1849 2571 affatim

291 2592 529 2634 ostendisse
563 2595 644 2635 sihi
666 2595 837 2636 videtur
868 2597 975 2638 haec
1007 2598 1068 2639 eis
1093 2598 1250 2640 deberi.
1306 2599 1446 2640 Unum
1469 2604 1633 2641 tantum
1656 2600 1848 2643 scholion

289 2661 327 2701 h.
361 2673 394 2702 e.
428 2675 451 2702 a
484 2664 726 2707 scholiastis
761 2667 887 2719 ΕΓᾳ
906 2669 942 2706 Ω
975 2672 1013 2708 A
1036 2674 1079 2710 et
1104 2673 1143 2709 A
1175 2670 1344 2721 Lexiph
1368 2671 1393 2711 6
1426 2668 1469 2724 (p
1495 2669 1658 2724 196‚26)
1689 2671 1849 2724 ascrip-

290 2735 379 2772 tum
412 2732 652 2776 firmissimo
696 2737 974 2779 fundamento
1013 2740 1221 2782 subnixus
1263 2741 1384 2782 Aelio
1419 2741 1626 2794 Dionysio
1665 2747 1708 2783 et
1739 2742 1848 2784 Pau-

290 2803 434 2844 saniae
468 2803 666 2846 addicere
699 2819 882 2857 possum.
947 2808 1190 2852 Scholiasta
1228 2814 1266 2851 A
1305 2811 1387 2852 alio
1419 2811 1538 2854 fonte
1579 2825 1680 2854 usus
1718 2816 1847 2865 atque
